2275 3425
129 108 159 154 96
378 108 408 156 C.
426 105 600 156 SALLUS'I'I
617 104 736 155 CRISPI

129 202 164 239 ex
175 185 256 241 coriis
267 188 345 241 utres
356 186 397 240 uti
409 186 509 240 fierent
517 186 647 251 curabat3
664 186 744 240 simul
756 188 786 240 et
796 184 914 255 inopiam
925 184 982 238 frus

130 262 217 316 menti
232 262 326 328 lenire,
339 266 370 316 et
382 262 483 331 ignaris
497 262 624 316 omnibus
639 278 737 331 parare
754 278 825 330 quae
840 278 903 315 mox
919 261 982 315 usui

129 337 222 392 forent
229 360 236 404 ;
254 340 372 407 denique
384 342 463 392 sexto
474 338 528 407 die,
540 355 626 408 quum
640 338 678 391 ad
693 338 794 391 flumen
806 342 918 392 ventum
931 340 982 404 est,

130 429 259 467 maxuma
269 415 311 468 vis
322 415 426 468 utrium
438 414 541 468 effecta
579 413 622 468 Ibi
636 414 733 468 eastris
747 414 802 468 levi
814 413 983 467 munimento

129 490 226 557 positis
237 490 338 543 milites
349 489 439 544 cibum
455 506 554 560 capere
568 493 653 559 atque
664 490 706 543 uti
719 490 798 542 simul
811 506 872 543 eum
884 505 984 544 occasu

130 565 195 618 solis
211 566 409 633 egrederentur
424 570 536 634 paratos
551 582 612 620 esse
626 565 716 634 jubet,
729 566 855 620 omnibus
870 565 984 619 sarcinis

129 639 246 708 abjectis
264 657 336 709 aqua
354 640 436 695 modo
452 657 537 710 seque
555 644 585 695 et
600 641 727 711 jumenta
746 657 882 696 onerare
903 642 984 712 Dein,

129 720 276 785 postquam
292 720 401 785 tempus
417 716 514 785 vuum,
532 719 630 772 oestris
651 717 799 787 egreditur,
819 722 984 787 noctemque

130 795 218 846 totam
231 792 332 846 itinere
346 793 419 846 facto
433 793 575 857 consedit;
590 794 664 848 idem
676 810 810 862 proxuma
821 794 901 860 facit;
918 793 983 847 dein

130 867 215 921 tertia
229 867 317 922 multo
332 872 397 922 ante
413 868 481 921 lucis
498 869 647 923 adventum
662 869 788 938 pervenit
799 869 828 922 in
840 870 927 923 locum
939 873 983 925 tu-

130 943 273 1011 mulosum,
283 942 319 997 ab
329 944 418 1012 Capsa
428 960 482 997 non
492 945 609 1014 amplius
619 945 703 998 duum
715 945 820 998 milium
831 946 982 1013 intervallo,

129 1018 225 1088 ibique
248 1036 330 1088 quam
354 1020 543 1074 occultissume
563 1024 656 1089 potest
674 1037 736 1074 eum
755 1020 879 1074 omnibus
898 1021 983 1090 copiis

131 1095 280 1164 opperitur.
317 1095 372 1150 Sed
383 1095 430 1149 ubi
442 1095 502 1149 dies
513 1097 604 1164 coepit
616 1100 646 1151 et
658 1095 795 1150 Numidae
806 1097 872 1150 nihil
884 1096 983 1151 hostile

130 1173 287 1225 metuentes
298 1170 379 1224 multi
390 1170 491 1239 oppido
506 1172 618 1241 egressi,
632 1176 748 1242 repente
759 1189 866 1227 omnem
878 1174 984 1243 equum

130 1248 191 1301 tum
210 1251 240 1301 et
258 1264 321 1301 cum
337 1246 380 1300 his
392 1246 582 1301 velocissumos
600 1247 708 1314 pedites
722 1264 804 1302 cursu
818 1249 933 1303 tendere
946 1248 984 1304 ad

132 1321 249 1390 Capsam
265 1325 295 1377 et
309 1327 403 1392 portas
419 1322 545 1376 obsidere
559 1323 659 1390 jubet;
676 1324 776 1377 deinde
789 1324 849 1393 ipse
860 1325 983 1379 intentus

130 1414 248 1466 propere
267 1398 352 1467 sequi,
373 1415 463 1467 neque
486 1398 587 1453 milites
610 1399 738 1468 praedari
761 1400 857 1454 sinere.
906 1401 1000 1465 Quae'

131 1476 276 1541 postquam
295 1474 423 1542 oppidani
441 1490 600 1542 cognovere,
619 1492 665 1529 res
683 1474 817 1544 trepidae,
834 1479 925 1531 metus
942 1478 984 1530 iu-

130 1565 207 1617 gens,
230 1550 333 1604 malum
356 1550 540 1619 improvisum,
563 1551 675 1605 adhoc
696 1567 761 1620 pars
781 1552 880 1606 civium
903 1556 984 1607 extra

131 1625 239 1679 moenia
259 1625 287 1678 iu
308 1624 429 1679 hostium
451 1630 597 1693 potestate,
619 1632 733 1694 coigere
753 1628 795 1682 uti
816 1627 984 1683 deditionem

130 1700 261 1755 facerent.
299 1701 429 1756 Ceterum
449 1701 581 1772 oppidum
604 1703 752 1773 incensum,
776 1703 912 1759 Numidae
935 1723 985 1775 pu-

131 1776 212 1833 beres
225 1778 372 1844 interfecti,
385 1778 431 1831 alii
443 1795 536 1833 omnes
548 1779 715 1847 venumdati,
732 1780 835 1849 praeda
851 1781 984 1836 militibus

132 1853 225 1908 divisa
262 1854 298 1907 Id
312 1855 416 1909 facinus
432 1856 528 1909 contra
542 1855 591 1923 jus
608 1854 674 1908 belli
692 1872 747 1909 non
762 1856 877 1911 avaritia
894 1874 984 1926 neque

133 1930 235 1984 scelere
258 1931 375 1985 consulis
395 1930 551 1997 admissum,
572 1930 621 1984 sed
642 1932 707 1999 quia
729 1931 804 1985 locus
827 1931 985 2001 Jugurthae

132 2010 310 2075 opportunus,
318 2006 397 2059 nobis
408 2006 487 2060 aditu
499 2007 622 2073 difficilis,
630 2024 716 2074 genus
728 2006 866 2062 hominum
875 2009 984 2081 mobile,

132 2082 248 2136 infidum
260 2080 354 2151 [ante],
366 2099 456 2150 neque
467 2081 601 2137 beneficio
613 2098 703 2151 neque
714 2086 791 2137 metu
802 2085 956 2146 coercitum.

186 2162 227 2211 92.
263 2157 411 2225 Postquam
422 2162 529 2212 tantam
541 2174 601 2211 rem
613 2158 718 2212 Marius
733 2159 791 2213 sine
806 2160 861 2214 ullo
873 2176 984 2216 suorum

133 2232 305 2288 incommodo
328 2233 456 2301 patravit,
482 2250 597 2301 magnus
620 2237 650 2288 et
672 2234 761 2288 clarus
783 2237 985 2306 anteamajor

134 2312 217 2378 atque
233 2307 331 2361 clarior
348 2307 444 2362 haberi
462 2310 559 2378 eoepit.
596 2310 693 2364 Omnia
707 2327 762 2364 non
775 2311 846 2366 bene
861 2314 985 2368 consulta

133 2384 233 2454 [modo,
243 2399 338 2437 verum
351 2384 434 2437 etiam
446 2400 512 2438 casu
523 2384 600 2454 data]
611 2386 638 2439 in
649 2387 778 2441 virtutem
791 2387 985 2455 trahebantur;

133 2459 243 2526 milites,
260 2459 385 2513 modesto
401 2460 516 2527 imperio
532 2460 627 2528 habiti,
642 2463 722 2516 simul
734 2466 764 2516 et
775 2462 931 2532 locupletes,
947 2465 985 2519 ad

134 2535 239 2591 coelum
257 2535 337 2601 ferre,
357 2534 495 2589 Numidae
512 2538 600 2605 magis
616 2554 697 2605 quam
715 2539 859 2593 mortalem
878 2540 985 2604 timere,

134 2616 273 2683 postremo
287 2627 382 2665 omnes
397 2611 463 2665 socii
477 2614 561 2681 atque
568 2613 663 2667 hostes
675 2613 788 2667 credere
799 2614 839 2667 illi
851 2618 899 2668 aut
910 2632 985 2669 men-

134 2693 192 2744 tem
212 2687 339 2742 divinam*
350 2704 418 2756 esse,
438 2691 487 2741 aut
505 2687 618 2741 deorum
638 2692 707 2742 nutu
728 2694 825 2744 cuncta
847 2691 984 2758 portendi

135 2765 192 2819 Sed
203 2764 304 2832 consul,
315 2763 364 2817 ubi
376 2780 410 2818 ea
424 2780 470 2817 res
485 2763 556 2817 bene
571 2764 670 2831 evenit,
687 2764 724 2818 ad
740 2764 793 2817 alia
808 2766 908 2835 oppida
925 2783 986 2834 per-

134 2840 184 2908 git,
200 2856 286 2908 pauca
301 2839 516 2908 repugnantibus
532 2839 558 2891 N
560 2839 661 2892 umidis
678 2839 759 2909 capit,
776 2840 857 2909 plura
874 2841 987 2896 deserta

134 2918 248 2984 propter
256 2915 434 2984 Capsensium
442 2914 565 2967 miserias
576 2915 632 2983 igni
641 2916 806 2985 corrumpit3
817 2918 893 2972 luctu
901 2922 987 2987 atque

135 2990 219 3043 caede
236 2990 327 3043 omnia
340 2990 516 3059 complentur.
552 2990 677 3058 Denique
688 2992 783 3045 multis
794 2992 860 3047 locis
871 2994 986 3062 potitus,

136 3079 168 3116 ac
181 3064 320 3132 plerisque
336 3065 458 3119 exercito
476 3066 625 3132 incruento,
641 3066 721 3119 aliam
739 3084 798 3121 rem
817 3069 986 3137 aggreditur,

136 3153 190 3189 non
210 3138 305 3190 eadem
326 3140 477 3208 asperitate
492 3155 547 3206 qua
566 3139 750 3208 Capsensium,
769 3146 892 3199 ceterum
911 3145 987 3201 haud
