2275 3425
143 89 174 139 24
388 87 416 135 C.
436 84 610 135 SALLUSTI
627 85 745 135 CRISPI

142 166 270 219 abdicato
287 164 451 232 magistratu
463 163 597 218 Lentulus
616 164 739 233 itemque
754 168 839 219 ceteri
854 166 881 219 iu
897 166 995 219 liberis

142 239 275 292 custodiis
286 239 445 293 habeantur.
483 240 582 308 ltaque
594 239 727 294 Lentulus
740 241 769 294 P.
783 241 899 295 Lentulo
916 242 991 310 Spin-

143 316 223 382 theri,
235 315 283 383 qui
296 319 354 369 tum
371 315 468 368 aedilis
480 320 547 381 erat,
561 315 701 383 Cethegus
718 316 749 379 Q.
764 316 915 385 Cornificio,
931 318 992 371 Sta·

142 390 217 443 tilius
233 390 262 456 C.
277 391 394 453 Caesari,
407 390 538 445 Gabinius
553 391 591 443 M.
606 390 712 458 Crasso,
726 392 881 460 Caeparius,
893 408 956 445 nam
967 392 992 445 is

142 466 222 534 paulo
238 469 303 520 ante
315 482 349 519 ex
361 467 425 534 friga
440 469 576 520 retractus
587 469 656 535 erat,
672 466 720 521 Cn.
733 467 860 522 Terentio
872 466 992 522 senatori

142 542 394 672 rmqqntuqntm
415 617 512 685 plebes
534 618 721 687 conjuratione
748 619 893 687 patefacta,
921 635 992 687 quae

143 693 231 759 primo
247 693 346 762 cupida
361 710 454 748 rerum
470 710 601 748 novarum
617 694 697 747 nimis
709 693 782 748 bello
799 693 916 763 favebat,
933 711 992 747 mu·
1013 687 1021 705 ⁸

144 772 202 822 tata
219 773 312 823 mente
331 765 472 824 Catilinae
482 769 594 823 consilia
611 771 754 838 exsecrari,
779 770 937 825 Ciceronem
955 771 991 823 ad

142 844 247 898 coelum
259 845 370 911 tollere;
381 845 456 900 velut
468 863 503 898 ex
515 847 647 900 servitute
660 850 755 915 erepta
766 847 895 914 gaudium
908 850 992 915 atque

143 920 278 974 laetitiam
289 921 420 989 agitabat.
450 922 582 990 ,Namque
594 922 647 976 alia
664 922 729 976 belli
740 917 861 977 facinora
872 922 992 992 praedae
1104 937 1109 944 ·

97 1035 98 1038 ,
143 997 230 1063 magis
248 1014 329 1065 quam
347 997 514 1051 detrimento
532 998 599 1064 lore,
618 998 774 1051 incendium
790 1014 854 1051 vero
872 998 990 1064 crudele,
1042 1049 1049 1054 ,

143 1072 353 1126 urnnoderatum
376 1089 408 1126 ac
432 1071 484 1126 sibi
509 1072 845 1129 maxume'calamitosum
868 1073 991 1142 putabat,

42 1187 45 1193 .
143 1148 244 1216 quippe
256 1147 299 1200 cui
312 1164 404 1202 omnes
418 1149 512 1217 copiae
523 1149 552 1201 iu
567 1164 619 1202 usu
631 1148 789 1217 quotidiano
801 1153 830 1204 et
845 1150 921 1203 cultu
932 1166 991 1203 cor-

142 1223 218 1291 poris
230 1228 316 1277 erant.
547 1264 549 1268 .

196 1297 262 1353 Post
283 1314 346 1352 eum
364 1298 438 1352 diem
458 1299 570 1367 quidam
589 1299 619 1353 L.
632 1300 794 1370 Tarquinius
811 1300 848 1353 ad
866 1304 991 1354 senatum

143 1373 279 1428 adductus
303 1376 370 1439 erat,
392 1391 474 1442 quem
495 1374 532 1428 ad
552 1375 696 1430 Catilinam
720 1376 938 1445 proficiscentem
955 1392 990 1430 ex

142 1450 241 1504 itinere
258 1453 407 1504 retractum
423 1450 541 1505 aiebarit.
580 1452 609 1505 Is
624 1468 706 1520 quum
725 1468 755 1505 se
769 1451 873 1505 diceret
890 1451 992 1505 indica-

143 1528 235 1580 turum
248 1526 283 1579 de
293 1524 486 1594 conjuratione,
499 1526 522 1579 si
531 1526 601 1580 fides
612 1526 720 1595 publica
731 1527 797 1581 data
808 1529 888 1592 esset,
896 1526 991 1593 jussus

50 1625 63 1648 e
143 1618 160 1655 a
174 1601 284 1662 consule
296 1616 365 1669 quae
379 1600 462 1654 sciret
477 1601 593 1668 edicere,
610 1601 706 1655 eadem
721 1603 780 1656 fere
794 1619 864 1671 quae
877 1603 991 1657 Voltur-

144 1678 201 1731 cius
213 1676 248 1732 de
260 1677 364 1746 paratis
375 1676 515 1745 incendiis,
529 1677 565 1732 de
579 1676 664 1732 caede
681 1676 821 1746 bonorum,
839 1678 875 1733 de
891 1677 991 1734 itinere

143 1754 263 1807 hostium
276 1755 400 1806 senatum
412 1752 508 1818 docet3
519 1758 664 1822 praeterea
673 1755 823 1810 semiesum
835 1772 852 1807 a
863 1755 901 1807 M.
911 1755 991 1808 Cras-

144 1847 174 1884 so
186 1830 234 1899 qui
246 1829 376 1884 Catilinae
385 1830 532 1896 nuntiaret,
545 1846 581 1882 ne
590 1847 652 1884 enm
665 1830 797 1883 Lentulus
811 1833 840 1883 et
853 1830 992 1898 Cethegus

143 1906 244 1975 aliique
256 1922 290 1959 ex
303 1904 489 1974 conjuratione
501 1904 663 1973 deprehensi
677 1908 822 1971 terrerent,
835 1922 923 1974 eoque
935 1923 992 1959 ma-

142 1983 184 2050 gis
202 1983 362 2050 properaret
380 1980 416 2034 ad
435 1979 532 2033 urbem
551 1981 691 2046 accedere,
709 1997 763 2048 quo
786 1983 816 2034 et
837 1985 992 2035 ceterorum

143 2057 247 2111 animos
264 2056 391 2110 reficeret
409 2058 438 2109 et
455 2056 495 2109 illi
512 2055 618 2109 facilius
639 2074 655 2111 e
672 2057 793 2126 periculo
811 2057 991 2125 eriperentur.

97 2128 102 2142 '
144 2133 200 2187 Sed
212 2132 260 2186 ubi
275 2131 438 2200 Tarquinius
451 2131 580 2186 Crassum
594 2133 750 2199 nominarit,
767 2132 905 2186 hominem
916 2133 992 2186 nobi-

143 2209 204 2276 lem,
217 2209 352 2261 maxumis
364 2206 474 2273 divitiis,
486 2219 592 2260 summa
602 2208 733 2275 potentia,
745 2208 791 2261 alii
803 2224 861 2262 rem
876 2208 993 2262 incredi-

143 2283 224 2337 bilem
247 2284 308 2349 rati,
335 2299 399 2351 pars
419 2282 530 2337 tametsi
549 2299 643 2336 verum
668 2283 878 2350 existumabant,
898 2287 993 2338 tamen

144 2358 209 2426 quia
226 2358 318 2411 intuli
334 2363 457 2427 tempore
474 2360 553 2411 tanta
571 2359 611 2411 vis
628 2358 744 2412 hominis
762 2359 848 2426 magis
865 2359 993 2413 leniunda

144 2451 225 2501 quam
243 2434 407 2502 exagitanda
424 2433 577 2500 videbatur,
598 2434 722 2503 plerique
743 2434 841 2489 Crasso
858 2451 893 2488 ex
910 2451 992 2503 nego·

143 2509 191 2563 tiis
209 2510 323 2579 privatis
342 2509 457 2577 obnoxii,
475 2508 644 2563 conclamant
664 2510 783 2563 indicem
801 2510 899 2563 falsum
924 2527 991 2577 esse,

144 2584 236 2654 deque
247 2602 280 2638 ea
294 2602 325 2639 re
337 2584 475 2653 postulant
486 2585 528 2638 uti
543 2585 687 2638 reseratum.
725 2584 823 2654 Itaque
835 2585 993 2640 consulente

145 2661 276 2715 Cicerone
293 2660 421 2729 frequens
435 2664 546 2714 senatus
564 2660 702 2714 decernit:
717 2661 847 2728 Tarquini
863 2661 992 2715 indicium

144 2736 243 2790 falsum
260 2736 356 2802 videri,
376 2753 492 2804 eumque
509 2736 538 2788 iu
563 2735 678 2789 vinculis
700 2736 883 2805 retinendum,
903 2754 993 2805 neque

144 2813 260 2883 amplius
276 2815 443 2881 potestatem
456 2810 619 2878 faciundam,
633 2812 685 2865 nisi
701 2811 736 2865 de
750 2828 782 2866 eo
798 2812 931 2866 indicaret
949 2830 994 2867 cu-

142 2888 188 2956 jus
200 2888 310 2943 consilio
326 2892 432 2942 tantam
445 2904 503 2941 rem
518 2890 593 2941 esset
608 2887 747 2940 mentitus.
783 2889 870 2942 Erant
882 2906 914 2942 eo
925 2893 994 2943 tem·

144 2981 211 3033 pore
223 2965 270 3033 qui
281 2965 480 3018 existumarent
490 2962 619 3015 indicium
633 2961 702 3015 illud
713 2979 730 3015 a
747 2962 776 3015 P.
784 2965 926 3018 Autronio
937 2967 1008 3017 mra-x

144 3039 290 3107 chinatum,
308 3056 362 3107 quo
377 3039 483 3093 facilius
500 3038 637 3106 appellato
652 3037 751 3092 Crasso
768 3054 818 3106 per
835 3040 993 3093 societatem

145 3115 257 3182 periculi
269 3115 389 3184 reliquos
399 3115 471 3169 illius
484 3114 610 3183 potentia
619 3115 741 3182 tegeret3
755 3113 802 3167 alii
816 3114 994 3184 Tarquinium

1125 75 1135 164 l
