2275 3425
411 155 413 159 .
477 86 689 158 incussus.
979 110 1009 159 ss

160 185 302 256 utriusque
314 186 406 256 populi
417 187 479 240 finis
490 187 646 242 haberetur.
675 188 766 257 Igitur
778 187 943 257 Carthagine
955 186 1010 243 duo

159 256 259 314 fratres
274 262 356 329 missi,
369 263 468 331 quibus
484 280 583 328 nornen
600 263 738 318 Philaenis
754 267 822 333 erat,
837 267 1011 318 maturavere

159 337 214 390 iter
224 354 353 405 pergere:
372 337 540 406 Cyrenenses
551 339 657 392 tardius
669 338 734 393 iere.
760 339 795 393 Id
807 339 964 393 secordiane
975 355 1010 393 an

41 433 46 439 ·
159 429 223 466 casu
243 413 373 467 acciderit
393 427 490 481 parum
509 414 628 483 cognovi.
665 415 796 469 Ceterum
818 415 887 469 solet
907 415 935 468 in
957 414 1011 468 illis

159 488 225 542 locis
236 492 388 557 tempestas
399 489 474 544 haud
486 506 564 544 secus
577 493 660 559 atque
673 490 702 544 in
713 491 783 544 mari
795 491 915 544 retinere
922 511 929 556 ;
947 507 1011 544 nam

159 564 206 617 ubi
217 581 268 634 per
279 566 338 618 loca
349 566 473 633 aequalia
485 568 515 620 et
525 566 600 621 nuda
610 567 780 635 gignentium
791 571 889 622 ventus
901 569 1010 621 coortus

159 656 268 694 arenam
286 641 369 695 humo
387 641 525 710 excitavit,
543 659 576 696 ea
593 660 691 711 magna
707 643 735 697 vi
753 644 860 711 agitata
879 659 928 697 ora
948 660 1011 697 ocn-

159 716 254 785 losque
265 716 379 784 implere
391 717 468 785 solet,
480 718 520 773 ita
531 722 679 788 prospectu
692 719 825 787 impedito
837 719 938 773 morari
949 720 1011 791 iter„

160 792 311 861 Postquam
329 792 497 861 Cyrenenses
514 794 653 864 aliquanto
677 795 841 863 posteriores
858 811 889 849 se
906 794 1009 862 vident,

160 872 189 923 et
206 868 242 921 ob
259 886 318 923 rem
336 874 491 938 corruptam
510 870 584 924 domi
601 887 703 939 poenas
720 874 855 939 metuunt,
873 870 1011 925 criminari

161 943 392 1012 Carthaginiensis
415 950 479 1000 ante
502 950 611 1016 tempus
633 946 714 1000 domo
738 946 883 1015 digressos,
902 950 1011 1000 contur-

159 1018 226 1073 bare
241 1037 308 1088 rem,
320 1020 437 1090 denique
453 1022 544 1075 omnia
558 1022 641 1077 malle
656 1039 739 1091 quam
753 1022 818 1077 victi
834 1021 917 1076 abire.
954 1023 1011 1077 Sed

160 1113 243 1163 quum
263 1096 348 1150 Poeni
370 1098 451 1151 aliem
472 1098 658 1152 condicionem
681 1098 872 1152 tantummodo
895 1115 1010 1165 aequam

53 1187 57 1195 ·
159 1175 293 1240 peterent,
307 1173 405 1227 Graeci
419 1173 558 1242 optionem
574 1174 839 1241 CarthagIniensium
853 1175 965 1242 facirmt,
978 1177 1011 1228 ut

159 1247 202 1301 vel
214 1248 261 1315 illi,
274 1265 343 1316 quos
355 1249 417 1302 finis
427 1250 527 1318 populo
539 1266 589 1303 suo
601 1253 734 1318 peterent,
747 1249 786 1302 ibi
798 1250 852 1303 vivi
864 1248 1010 1304 obrueren-

159 1326 213 1390 tur,
230 1325 273 1377 vel
290 1324 387 1377 eadem
405 1325 562 1379 condicione
581 1336 640 1380 sese
658 1342 739 1394 quem
756 1327 784 1378 in
801 1325 890 1395 locum
908 1325 1011 1381 vellent

159 1416 340 1468 processuros.
377 1400 499 1454 Philaeni
514 1401 672 1456 condicione
685 1401 801 1470 probata
815 1417 900 1472 seque
914 1401 1011 1455 vitam-

160 1492 214 1544 que
237 1492 313 1530 suam
337 1476 378 1530 rel
401 1477 526 1545 publicae
551 1477 751 1542 condonavere;
777 1477 817 1531 ita
837 1477 891 1531 vivi
912 1476 1010 1532 obruti.

133 1621 135 1625 Ι
160 1551 398 1620 Carthaginienses
413 1552 442 1605 in
456 1569 489 1606 eo
504 1553 563 1606 loco
577 1553 713 1606 Philaenis
728 1552 859 1606 fratribus
874 1569 935 1606 aras
949 1569 1011 1606 cou-

160 1643 309 1695 seoravere,
321 1628 420 1697 aliique
435 1628 488 1682 illis
500 1627 575 1682 domi
589 1629 705 1682 honores
717 1628 845 1682 instituti.
880 1629 906 1681 N
907 1645 960 1682 unc
973 1628 1010 1681 ad

158 1719 218 1758 rem
230 1703 319 1759 redeo.

211 1785 252 1835 80.
287 1781 306 1833 J
309 1780 428 1848 ugurtha
440 1781 586 1846 postquam
599 1779 698 1832 amissa
710 1778 796 1832 Thala
806 1779 872 1833 nihil
885 1780 952 1834 satis
963 1780 1010 1834 tir-

159 1872 233 1909 mum
254 1860 349 1910 contra
369 1854 513 1908 Metellum
536 1857 624 1922 putat,
647 1871 698 1924 per
716 1870 828 1923 magnas
849 1855 1010 1910 solitudines

159 1948 221 1985 oum
240 1932 332 2001 paucis
350 1931 490 2000 profectus
508 1930 634 1999 pervenit
652 1930 688 1984 ad
704 1930 843 1999 Gaetulos,
859 1948 945 2000 genus
962 1931 1007 1985 ho

158 2007 262 2060 minum
277 2007 367 2060 lerum
382 2006 569 2074 incultumque
585 2011 614 2062 et
630 2023 663 2061 eo
679 2009 803 2075 ternpore
819 2008 944 2076 ignarum
961 2024 1009 2061 no-

158 2083 239 2137 minis
252 2082 373 2135 Romani.
408 2083 509 2135 Eorum
525 2082 729 2136 multitudinem
744 2083 772 2135 in
788 2101 872 2137 unum
888 2084 962 2152 cogit
977 2100 1010 2139 ae

159 2158 291 2227 paulatim
313 2158 478 2212 consuefacit
496 2158 607 2212 ordines
627 2158 737 2226 habere,
756 2160 833 2227 signa
853 2160 938 2229 sequi,
959 2160 1009 2214 inr-

158 2234 265 2303 perium
278 2233 430 2302 observare,
442 2234 510 2287 item
522 2234 576 2288 alia
586 2235 715 2288 militaria
727 2236 823 2290 facere.
861 2236 1009 2291 Praeterea

159 2310 232 2379 regis
244 2310 345 2363 Bocchi
361 2326 507 2379 proxumos
524 2310 628 2377 magnis
644 2311 802 2365 muneribus
815 2315 844 2366 et
859 2312 1009 2380 majoribus

158 2386 298 2455 promissis
321 2387 357 2441 ad
381 2386 502 2440 studium
526 2387 568 2439 sui
592 2386 726 2455 perducit,
752 2387 813 2454 quis
836 2388 1009 2456 adjutoribus

158 2479 251 2530 regem
263 2479 407 2531 aggressus
422 2463 538 2532 impellit
549 2464 582 2516 ut
596 2462 742 2516 advorsum
755 2462 892 2517 Romanos
906 2464 1008 2517 bellum

158 2538 276 2607 incipiat.
317 2538 353 2592 Id
376 2555 409 2593 ea
432 2539 521 2607 gratia
543 2538 649 2592 facilius
669 2539 834 2607 proniusque
854 2540 913 2605 fuit,
934 2540 1008 2607 quod
1090 2547 1094 2554 ’

158 2614 282 2668 Bocchus
293 2613 372 2668 initio
383 2614 495 2684 hujusce
507 2613 573 2667 belli
585 2615 689 2683 legatos
702 2613 817 2667 Romam
829 2615 943 2668 miserat
954 2615 1009 2670 foe-

158 2688 210 2743 dus
226 2692 255 2743 et
271 2691 416 2744 amicitiam
432 2691 559 2759 petitum,
572 2707 654 2758 quam
670 2706 729 2742 rem
741 2690 1008 2758 opportunissumam

158 2765 266 2834 incepto
288 2765 360 2819 bollo
380 2767 460 2834 pauci
483 2766 684 2835 impediverant
705 2766 778 2819 caeci
803 2764 925 2834 avaritia,
947 2767 1008 2835 quis

157 2841 248 2894 omnia
264 2841 379 2896 honesta
396 2847 479 2912 atque
497 2843 640 2897 inhonesta
657 2840 776 2895 vendere
793 2856 852 2893 mos
870 2846 939 2896 erat.
971 2841 1008 2897 Et

153 2915 214 2984 jam
229 2921 311 2971 antea
323 2919 480 2985 iugurthae
495 2919 551 2971 filia
566 2917 668 2971 Bocchi
683 2918 821 2985 nupserat
858 2916 962 2971 Verum
974 2936 1008 2973 en

157 2992 329 3047 necessitudo
353 2992 427 3061 apud
451 2993 585 3045 Numidas
608 2993 774 3058 Maurosque
796 2990 864 3043 levis
888 2992 1006 3061 ducitur,

157 3069 222 3137 quia
237 3069 335 3136 singuli
350 3086 399 3138 pro
414 3068 511 3136 opibus
523 3069 639 3136 quisque
650 3082 732 3135 quam
747 3066 886 3133 plurumas
901 3084 1007 3134 uxores,

158 3144 242 3198 denas
255 3146 309 3212 alii,
320 3145 367 3199 alii
380 3144 472 3211 plures
484 3143 593 3206 hahent,
605 3141 655 3194 sed
667 3156 746 3207 reges
757 3157 790 3193 eo
801 3141 923 3207 amplius.
960 3142 1006 3194 lta
