2275 3425
494 148 678 199 CATILINA.
755 154 757 157 ’
980 152 1010 197 31

161 225 223 281 illos
234 233 347 296 magnos
365 228 462 295 fecere,
475 246 545 298 quae
557 229 635 283 nobis
653 229 727 282 nulla
745 232 816 296 sunt,
829 228 904 282 domi
921 228 1013 282 indus-

161 305 222 370 tria,
235 303 301 357 foris
313 302 423 371 justum
433 305 585 373 imperium,
597 305 702 358 animus
714 305 742 358 in
755 305 921 359 consulendo
933 304 1011 371 liber,

161 395 251 448 neque
272 379 373 435 delicto
396 396 486 449 neque
509 380 625 435 lubidini
649 381 788 435 obnoxius.
824 381 880 434 Pro
902 380 945 434 his
962 397 1012 434 nos

161 453 293 509 habemus
311 456 446 509 luxuriam
466 461 551 525 atque
570 458 720 524 avaritiam,
732 457 840 526 publice
852 460 1012 523 egestatem,

160 531 289 601 privatim
302 532 482 601 opulentiam
499 532 643 586 laudamus
655 533 774 598 divitias,
787 533 925 601 sequimur
943 533 1012 585 iner-

160 607 243 672 tiam;
259 609 332 662 inter
351 608 437 662 honos
460 613 489 662 et
512 609 598 663 malos
622 609 769 663 discrimen
789 608 901 675 nullum,
921 608 1012 662 omnia

161 681 271 738 virtutis
286 684 409 753 praemia
421 684 535 739 ambitio
554 685 685 753 possidet.
721 685 819 754 Neque
831 684 947 749 mirum;
964 683 1011 737 ubi

160 777 209 814 vos
225 761 373 830 separatim
389 759 441 814 sibi
457 761 574 829 quisque
590 762 733 815 consilium
750 762 856 830 capitis,
871 760 921 814 ubi
937 761 1012 813 domi

160 836 354 905 voluptatibus,
366 836 409 890 hic
425 837 558 906 pecuniae
570 840 619 891 aut
634 839 742 905 gratiae
754 837 871 903 servitis,
883 853 916 891 eo
928 836 961 890 fit
979 839 1011 889 ut

160 911 281 981 impetus
301 913 351 967 fiat
369 913 397 965 in
415 928 527 966 vacuam
542 929 601 966 rem
619 913 764 982 publicam.
800 912 857 966 Sed
874 928 925 980 ego
943 912 1011 965 haec

161 988 265 1042 omitto.
301 988 487 1057 Oonjuravere
503 988 673 1042 nobilissumi
693 990 765 1043 cives
782 989 901 1058 patriam
919 987 1010 1041 incen-

160 1064 234 1132 dere,
247 1064 387 1119 Gallorum
402 1067 512 1132 gentem
532 1064 746 1118 infestissumam
764 1064 867 1117 nomini
886 1064 1009 1117 Romano

160 1140 197 1193 ad
214 1140 315 1194 bellum
327 1144 477 1204 arcessunt,
489 1139 547 1193 dux
566 1139 686 1193 hostium
705 1157 767 1193 cum
787 1140 910 1193 exercitu
928 1156 1011 1206 supra

159 1219 244 1284 caput
255 1220 315 1271 est:
332 1233 379 1270 vos
391 1215 557 1270 cunctamini
574 1215 657 1268 etiam
669 1231 741 1268 nunc
757 1218 787 1267 et
800 1215 933 1268 dubitatis
945 1216 1011 1282 quid

95 1352 98 1358 ¹
159 1291 350 1346 intramoenia
365 1291 508 1360 deprensis
523 1290 650 1344 hostibus
665 1289 789 1344 faciatisl
825 1290 1012 1343 Misereamini

160 1367 433 1434 censeo—deliquere
440 1366 563 1419 homines
571 1365 768 1419 adulescentuli
775 1381 826 1435 per
834 1365 1011 1418 ambitionem

159 1446 278 1511 -atque
290 1443 374 1496 etiam
391 1445 512 1495 armatos
527 1441 684 1495 dimittatis.
719 1440 745 1494 N
747 1456 764 1494 e
782 1442 837 1494 ista
848 1440 926 1494 vobis
937 1457 1012 1494 man-

160 1517 277 1571 suetudo
284 1522 314 1572 et
325 1516 519 1583 misericordia,
528 1517 551 1569 si
560 1516 600 1569 illi
610 1533 686 1569 arma
698 1517 829 1586 ceperint,
837 1516 864 1569 in
873 1517 1010 1570 miseriam

160 1596 309 1647 convertet.
345 1592 454 1648 Scilicet
477 1608 522 1646 res
546 1592 606 1661 ipsa
628 1609 727 1661 aspera
745 1595 796 1659 est,
817 1592 866 1645 sed
889 1608 937 1645 vos
957 1608 1011 1645 non

160 1667 265 1723 timetis
277 1684 344 1723 cam.
381 1668 469 1722 Immo
487 1684 553 1723 vero
565 1684 709 1734 maxume3
727 1668 777 1722 sed
788 1667 889 1722 inertia
901 1670 930 1721 et
946 1667 1012 1721 mol-

160 1743 220 1798 litia
231 1745 312 1798 animi
324 1744 393 1799 alius
405 1744 487 1798 alium
497 1748 689 1814 exspectantes
702 1744 875 1810 cunctamini,
884 1743 1012 1798 videlicet

159 1819 203 1872 dis
214 1819 413 1874 immortalibus
432 1820 532 1887 confisi,
545 1821 593 1889 qui
609 1821 678 1873 hauc
696 1837 756 1874 rem
772 1820 909 1890 publicam
929 1837 1011 1891 saepe

60 1950 65 1958 ,
159 1894 188 1949 in
199 1896 332 1949 maxumis
348 1895 475 1964 periculis
492 1912 642 1950 servavere.
678 1895 704 1948 N
705 1912 741 1948 on
752 1896 824 1950 votis
840 1912 930 1964 neque
947 1912 1011 1965 sup-

159 1971 246 2040 pliciis
262 1971 442 2025 muliebribus
458 1972 559 2026 auxilia
571 1972 684 2025 deorum
700 1975 848 2041 parantur3
866 1971 1011 2038 vigilando,

159 2047 273 2115 agendo,
292 2047 363 2101 bene
382 2047 547 2101 consulendo
565 2063 698 2116 prospera
717 2049 807 2101 omnia
827 2047 945 2113 cedunt;
963 2046 1012 2100 ubi

159 2122 297 2176 secordiae
309 2126 339 2177 te
350 2126 435 2192 atque
446 2123 568 2190 ignaviae
580 2122 737 2190 tradideris,
750 2123 931 2192 nequicquam
944 2123 1011 2177 deos

158 2197 302 2267 implores3
320 2199 382 2252 irati
395 2199 542 2267 infestique
554 2201 628 2252 sunt.
663 2199 748 2266 Apud
765 2197 885 2266 majores
902 2203 1011 2253 nostros

160 2274 189 2328 Τ.
201 2273 319 2328 Manlius
332 2275 486 2344 Torquatus
497 2274 569 2328 bello
584 2274 687 2329 Gallico
704 2275 789 2328 filium
802 2290 887 2341 suum,
901 2274 1011 2343 quadis

158 2352 256 2404 eontra
273 2350 416 2418 imperium
437 2351 466 2403 in
484 2350 592 2404 hostem
611 2354 790 2419 pugnaverat,
809 2351 900 2404 necari
917 2350 1009 2418 jussit.

159 2428 242 2493 atque
254 2425 300 2479 ille
311 2427 437 2494 egregius
449 2426 609 2480 adulescens
626 2426 822 2480 immoderatae
839 2426 1010 2479 fortitudinis

159 2503 248 2554 morte
267 2518 368 2569 poenas
392 2501 485 2566 dedit3
509 2518 564 2555 vos.
577 2501 613 2555 de
636 2502 841 2555 crudelissumis
865 2501 1010 2570 parricidis

159 2576 226 2643 quid
238 2577 367 2630 statuatis
378 2577 559 2647 cunctamini?
590 2577 730 2632 Videlicet
742 2583 835 2632 cetera
846 2578 904 2632 vita
915 2594 1009 2631 eorum

159 2651 221 2705 huic
233 2652 329 2706 sceleri
340 2652 438 2706 obstat.
475 2653 580 2706 Verum
592 2654 697 2721 parcite
713 2653 843 2721 dignitati
856 2653 973 2719 Lentuli,
987 2653 1010 2705 si

159 2725 218 2794 ipse
230 2727 385 2795 pudicitiae,
399 2728 421 2781 si
432 2728 521 2781 famae
533 2745 606 2796 suae,
619 2729 642 2782 si
659 2729 703 2781 dis
717 2733 766 2783 aut
783 2729 939 2782 homiuibus
950 2744 1009 2780 um·

160 2794 242 2870 quain
261 2803 325 2856 ullis
348 2804 487 2871 pepercit;
504 2804 637 2871 ignoscite
662 2804 777 2871 Cethegi
797 2802 1009 2871 adulescentiae,
1028 2814 1036 2828 ¹

159 2877 212 2930 nisi
223 2878 322 2931 iterum
330 2877 390 2947 jam
402 2880 509 2947 patriae
522 2879 624 2931 bellum
636 2880 709 2932 fecit.
745 2879 771 2930 N
773 2895 817 2931 am
830 2878 897 2945 quid
911 2893 961 2944 ego
973 2877 1010 2931 de

161 2952 284 3020 Gabinio,
297 2953 413 3022 Statilio,
426 2954 558 3023 Caepario
574 2954 688 3023 loquari
706 2953 805 3021 quibus
822 2953 845 3005 si
864 2952 1009 3019 quicquam

159 3043 289 3096 umquam
307 3030 385 3099 pensi
405 3030 509 3096 fuisset,
529 3044 583 3082 non
604 3045 637 3082 ea
657 3027 768 3081 consilia
787 3027 823 3079 de
846 3042 877 3078 re
901 3026 1010 3092 publica

160 3101 325 3159 habuissent.
362 3105 511 3170 Postremo,
530 3107 624 3172 patres
642 3102 795 3168 conscripti,
813 3101 836 3153 si
853 3100 1009 3153 mehercule

161 3183 273 3247 peceato
293 3180 368 3236 locus
387 3182 468 3246 osset,
486 3179 565 3233 facile
583 3180 694 3245 paterer
712 3190 759 3227 vos
777 3174 838 3242 ipsa
853 3189 884 3228 re
902 3174 1009 3239 corrim',

1026 3306 1104 3324 *-

989 3328 1137 3390 Q
