2275 3425
476 93 685 144 JUGURTHA.
976 99 1007 145 83

157 190 190 227 ac
201 174 325 242 perlegit,
338 173 402 228 dein
417 189 534 244 propere
548 177 663 244 cognitis
675 177 781 230 insidiis
792 178 828 232 ad
840 193 933 245 regem
945 193 1008 245 per-

157 250 206 316 git.
249 249 390 303 Nabdalsa
405 255 467 318 post
483 251 563 320 paulo
580 256 766 321 experrectus,
782 254 830 307 ubi
845 270 934 322 neque
951 252 1008 321 epi-

158 326 256 381 stolam
271 326 393 396 repperit
410 330 439 381 et
457 344 514 380 rem
534 345 651 395 ornnem,
664 332 696 383 nt
714 333 775 384 acta
792 334 861 397 erat,
873 330 1008 397 cognovit,

158 404 246 473 primo
267 403 383 458 indicem
401 407 529 473 persequi
548 409 669 474 conatus,
689 411 834 476 postquam
855 407 885 460 id
905 407 1008 462 frustm

157 478 219 548 fuit,
244 480 411 548 Jugurtham
434 481 560 551 placandi
578 482 669 550 gratia
688 483 817 547 ,accedit;
847 482 914 537 dicit
937 499 1008 550 quae

157 556 217 624 ipse
240 557 390 625 paravisset
410 558 501 611 facere
519 558 635 627 perfidia
655 558 761 612 clientis
782 560 824 612 sui
844 563 1007 626 praeventa3

157 632 310 686 lacrumans
330 632 485 695 obtestatur
503 651 555 704 per
570 634 717 688 amicitiam
738 650 842 703 perque
860 650 910 687 sua
926 638 1008 688 antea

158 707 278 762 fideliter
300 712 369 776 acta,
397 725 433 763 ne
457 725 539 779 super
561 710 611 764 tali
635 710 737 764 scelere
765 715 920 779 suspectum
947 726 1009 777 sese

158 783 296 838 haberet.-

211 863 251 917 72.
287 859 334 913 Ad
349 877 383 914 ea
395 877 445 914 rex
462 860 543 915 aliter
559 864 644 929 atque
660 862 750 915 animo
767 861 881 929 gerebat
900 860 1008 930 placide

158 935 306 1003 respondit.
341 936 492 990 Bomilcare
509 937 623 1005 aliisque
639 937 741 1002 multis,
758 954 826 1005 quos
842 937 928 990 socios
944 937 1008 990 insi-

158 1012 264 1065 diarum
276 1016 446 1080 cognoverat,
460 1013 612 1066 interfectis
627 1013 696 1065 iram
712 1016 894 1081 oppresserat,
905 1029 940 1065 ne
953 1029 1008 1080 qua

158 1104 192 1141 ex
204 1104 237 1141 eo
249 1088 359 1156 negotio
376 1088 476 1142 seditio
492 1089 617 1142 oriretur.
653 1088 751 1155 Neque
763 1091 826 1157 post
842 1088 872 1140 id
887 1088 1007 1142 locorum

48 1172 51 1178 '
158 1163 313 1231 Jugurthae
332 1163 392 1216 dies
410 1167 459 1218 aut
478 1180 533 1216 nor
552 1162 609 1216 ulla
633 1162 727 1232 quieta
747 1163 814 1227 fuit;
839 1178 929 1230 neque
949 1163 1008 1216 loco

158 1256 245 1306 neque
262 1239 371 1292 mortali
385 1240 511 1306 cuiquam
527 1241 576 1292 aut
591 1238 710 1307 tempori
725 1238 793 1290 satis
808 1236 928 1304 credere,
941 1239 1008 1292 civia

157 1315 298 1384 hostisque
309 1315 393 1382 juxta
406 1318 538 1382 metuere,
553 1314 779 1381 circumspectare
791 1313 882 1366 omnia
893 1317 923 1366 et
934 1315 1008 1368 omni

158 1391 277 1460 strepitu
300 1406 451 1458 pavescere,
470 1389 524 1443 alio
544 1393 629 1457 atque
649 1389 702 1442 alio
725 1388 785 1443 loco
807 1404 890 1456 saepe
913 1393 1008 1445 contra

157 1466 241 1520 (leons
259 1465 366 1532 regium
385 1469 469 1518 noctu
488 1465 667 1533 requiescere,
688 1463 826 1517 interdum
846 1480 940 1517 somno
960 1480 1007 1517 ex·

158 1541 229 1593 citus
248 1542 367 1609 arreptis
387 1541 470 1593 armis
490 1540 640 1594 tumultum
664 1539 769 1604 facere;
797 1539 839 1592 ita
861 1538 1007 1593 formidine

158 1616 236 1684 quasi
248 1615 374 1668 vecordia
385 1616 524 1683 exagitari.

212 1696 251 1749 73.
288 1692 378 1760 Igitur
393 1692 529 1760 Metellus,
546 1691 594 1746 ubi
611 1691 648 1747 de
665 1708 730 1747 casn
748 1692 907 1747 Bomilcaris
923 1695 953 1747 et
968 1693 1007 1747 in⁴

159 1768 231 1821 dicio
248 1769 385 1836 patefacto
403 1786 437 1822 ex
454 1769 577 1837 perfugis
597 1770 730 1837 cognovit⁴
749 1786 842 1823 narsus
865 1773 1006 1837 tamquam

138 1863 145 1875 ·
159 1843 195 1896 ad
207 1844 345 1911 integrum
359 1845 460 1897 bellum
476 1848 575 1898 cuncta
585 1847 666 1912 parat
677 1844 851 1914 festinatque.
887 1845 1005 1898 Marium

159 1919 319 1987 fatigantem
332 1920 367 1973 de
381 1920 555 1989 profectione,
572 1920 651 1974 simul
664 1924 699 1984 et
704 1921 819 1975 invitum
832 1924 862 1974 ct
873 1921 1004 1974 offensum

159 1995 211 2048 sibi
223 2012 320 2065 parum
332 1995 459 2049 idoneum
471 2000 555 2056 ratus,
570 1997 681 2050 domurn
696 1997 817 2054 dimittit.
853 1996 889 2050 Et
902 1996 1005 2050 Rornae

159 2070 253 2140 plebes
271 2071 372 2126 litteris
392 2088 462 2140 quae
479 2072 515 2126 de
531 2073 645 2126 Metello
659 2089 692 2141 ac
708 2073 797 2126 Mario
813 2074 911 2126 missae
927 2069 1005 2126 ciant

159 2147 273 2215 cognitis
283 2147 383 2201 volenti
395 2148 484 2201 animo
496 2148 532 2203 de
543 2148 675 2203 ambobus
686 2153 854 2217 acceperant.
884 2148 1005 2216 Impera-

157 2223 212 2277 tori
230 2222 365 2291 nobilitas,
381 2240 452 2292 quae
468 2231 548 2279 antea
563 2224 655 2279 decori
673 2225 733 2291 fuit,
750 2225 868 2279 invidiae
885 2240 944 2278 esse
953 2246 959 2289 ;
975 2227 1005 2277 at

157 2299 197 2352 illi
209 2298 290 2352 alteri
301 2300 409 2367 generis
421 2300 560 2355 humilitas
572 2302 692 2355 favorem
704 2300 866 2366 addiderat3
883 2305 1004 2354 ceterum

157 2374 186 2427 in
196 2379 315 2443 utroque
331 2376 416 2443 magis
433 2377 525 2429 studia
542 2378 661 2445 partium
680 2394 763 2446 quarn
780 2377 852 2431 bona
868 2380 917 2430 aut
934 2376 1005 2429 maia
1087 2371 1091 2382 “

158 2466 206 2503 sua
221 2452 369 2505 moderata
405 2450 553 2506 Praeterea
568 2454 691 2507 seditiosi
708 2452 885 2521 magistratus
896 2452 1003 2520 volgrun

158 2527 305 2595 exagitare,
317 2528 460 2582 Metellum
478 2530 603 2583 omnibus
619 2531 789 2584 contionibus
805 2530 904 2599 capitis
919 2544 1005 2582 arces

158 2618 226 2667 sere,
241 2603 314 2656 Mari
327 2603 456 2659 virtutem
475 2606 502 2659 in
520 2607 609 2673 majus
623 2606 769 2660 celebrare.
801 2604 931 2672 'Denique
948 2603 1005 2672 plc-

158 2676 207 2731 bes
225 2679 263 2732 sic
281 2696 392 2733 accensa
405 2690 438 2733 ut
455 2682 565 2749 opifices
581 2686 758 2750 agrestesque
774 2696 874 2744 ornnes,
889 2678 1004 2747 qtorum

158 2769 203 2806 res
223 2754 346 2823 fidesque
365 2755 393 2808 in
414 2756 537 2809 manibus
557 2757 626 2810 sitae
647 2761 732 2823 erant,
753 2755 857 2808 relictis
878 2752 1005 2823 operibus

157 2829 366 2897 frequentarent
390 2833 516 2899 Marium,
540 2836 569 2886 et
593 2849 641 2886 sua
664 2830 817 2885 necessaria
845 2833 907 2898 post
932 2829 1005 2882 illius

158 2903 288 2959 honorem
309 2907 448 2961 ducerent.
486 2909 532 2962 lta
551 2908 677 2976 perculsa
694 2906 837 2960 nobilitate
856 2908 919 2974 post
939 2904 1005 2958 mul-

158 2985 202 3034 tas
220 2986 400 3051 tempestates
418 3000 487 3037 novo
505 2983 606 3036 homini
624 2981 779 3035 consudatus
798 2980 1005 3042 mandatur;'ct

158 3062 254 3124 postca
269 3058 384 3127 populus
399 3076 417 3113 a
430 3058 541 3113 tribuno
560 3057 647 3125 plebis
667 3054 769 3108 Manlio
785 3053 913 3106 Mancino
930 3069 1006 3119 rogn-

159 3137 212 3198 tus,
223 3150 305 3201 quem
317 3134 401 3187 vellet
414 3150 476 3186 cnm
488 3130 629 3197 iugurtha
642 3129 744 3196 bellum
758 3143 862 3194 gerere,
877 3128 1005 3194 frequens
