2275 3425
131 118 161 167 ta
374 117 402 166 C.
422 116 596 177 SALLUSTI
614 112 730 162 CRISPI

132 258 134 261 ,
183 201 225 251 53.
260 195 375 251 Romani
397 215 435 252 ex
459 196 605 264 improviso
630 194 750 264 pulveris
771 193 827 247 vim
851 209 977 262 maguam

130 272 359 340 animadvortunt,
371 290 434 326 nam
451 275 628 343 prospectum
643 288 710 339 ager
725 270 846 325 arbustis
858 270 979 325 consitus

130 347 300 417 prohibebat.
322 350 357 402 Et
370 349 458 417 primo
470 349 524 401 rati
536 349 648 400 humum
661 347 766 400 aridam
779 350 861 401 vento
872 347 979 416 agitari,

131 427 193 492 post
210 424 257 478 ubi
275 424 444 493 aequabilem
461 440 573 477 manere
590 427 619 477 et
640 423 712 477 sicut
729 424 800 477 acies
818 423 981 477 movebatur

130 500 217 567 magis
234 499 374 568 magisque
391 499 610 568 appropinquare
628 499 730 565 vident,
746 500 854 567 cognita
870 516 901 552 re
918 515 979 568 pro-

130 579 260 643 perantes
272 591 348 628 arma
359 576 470 644 capiunt
482 591 514 628 ac
526 591 576 643 pro
589 575 693 639 castris,
702 575 772 628 sicut
783 575 980 643 imperabatur,

130 651 290 704 consistunt.
324 650 437 718 Deinde,
450 650 498 703 ubi
515 651 629 719 propius
647 653 758 704 ventum
778 654 829 716 est,
841 651 980 720 utrimque

130 742 229 794 magno
250 727 368 780 clamore
391 727 568 780 concurritur.
609 726 746 780 Numidae
767 729 876 781 tantum
898 728 980 781 modo

132 803 267 866 remorati,
279 802 345 855 dnm
360 802 388 855 iu
400 802 552 871 elephantis
570 803 700 857 auxilium
714 805 821 872 putant,
834 808 980 873 postquam

131 892 179 930 eos
190 877 335 946 impeditos
346 878 429 932 ramis
440 878 567 931 arborum
580 872 663 946 atque
675 879 715 931 ita
727 877 856 945 disjectos
867 879 981 932 circum-

133 951 219 1005 veniri
232 951 333 1019 vident,
345 953 439 1021 fugam
455 954 567 1017 faciunt,
580 969 612 1007 ae
627 954 751 1023 plerique
765 954 879 1021 abjectis
897 956 981 1008 armis

133 1027 209 1081 collis
220 1032 269 1080 aut
281 1031 369 1082 noctis
382 1046 451 1097 quae
463 1028 523 1096 jarn
535 1030 632 1083 aderat
644 1029 746 1082 auxilio
758 1030 859 1097 integri
871 1031 981 1086 abeunt.

134 1103 279 1173 Elephanti
297 1109 428 1172 quattuor
446 1105 527 1172 capti,
541 1105 638 1173 reliqui
656 1121 750 1158 omnes
768 1121 880 1159 numero
897 1106 983 1175 quad·

133 1181 240 1248 raginta
252 1179 397 1233 interfecti.
420 1181 460 1233 At
473 1179 596 1248 Romani,
609 1197 774 1249 quamquam
786 1181 884 1236 itinere
896 1190 981 1251 atque

133 1271 216 1324 opere
234 1260 385 1309 castrorum
403 1258 432 1309 et
448 1255 552 1324 proelio
569 1256 635 1309 fessi
652 1256 770 1324 lassique
782 1261 869 1322 eraut,
880 1261 980 1325 tamen,

133 1331 209 1400 quod
230 1330 360 1384 Metellus
380 1331 496 1399 amplius
519 1332 645 1400 opinione
668 1332 834 1398 morabatur,
855 1334 981 1388 instructi

133 1406 289 1476 intentique
306 1406 413 1461 obviarn
431 1407 598 1475 procedunt3
621 1425 685 1461 nam
703 1408 782 1461 dolus
800 1408 982 1464 Numidarum

106 1546 110 1551 ⁴
133 1482 200 1535 nihil
218 1483 339 1549 languidi
351 1500 441 1552 neque
453 1483 560 1537 remissi
578 1484 744 1551 patiebatur.
780 1485 823 1537 Ac
837 1486 925 1552 primo
936 1485 983 1539 ob

133 1575 213 1613 seura
221 1564 301 1613 nocte
312 1564 456 1629 postquam
465 1559 539 1613 haud
550 1561 644 1628 procul
653 1560 725 1613 inter
737 1576 766 1612 se
776 1565 855 1614 eraut
864 1562 983 1630 strepitu

134 1634 210 1687 velut
225 1634 317 1688 hostes
334 1636 491 1703 adventare,
503 1635 585 1688 alteri
601 1634 675 1704 apud
692 1635 795 1689 alteros
810 1635 983 1693 formidinem

134 1709 213 1764 simul
226 1715 255 1764 et
267 1712 416 1765 tumultum
431 1713 529 1778 iacere,
542 1715 571 1765 et
587 1728 674 1780 paene
687 1712 873 1781 imprudentia
886 1714 985 1768 admis-

135 1802 195 1839 sum
212 1786 316 1840 facilius
333 1787 495 1856 miserabile,
514 1788 542 1841 ni
559 1788 699 1857 utrimque
716 1789 859 1858 praemissi
877 1791 984 1859 equites
1000 1783 1004 1788 ⁵

134 1878 193 1916 rem
211 1863 430 1930 exploravissent.
467 1865 558 1932 Igitur
572 1881 622 1932 pro
636 1868 712 1918 metu
727 1869 840 1933 repente
852 1866 984 1933 gaudium

134 1941 268 1999 exortum,
286 1940 388 1993 milites
405 1940 474 1994 alius
491 1940 574 1994 alium
592 1939 658 1993 laeti
679 1940 824 2009 appellant,
842 1945 903 1996 acta
920 1943 984 1997 ede

134 2017 198 2067 cent
211 2017 294 2082 atque
310 2016 433 2081 audiunt,
446 2032 495 2070 sua
509 2016 625 2085 quisque
641 2016 724 2070 fortia
738 2017 812 2071 facta
825 2017 861 2070 ad
879 2019 984 2072 eoelum

135 2089 199 2143 fert.
235 2089 342 2160 Quippe
356 2108 402 2144 res
415 2091 549 2144 humanae
563 2093 604 2145 ita
621 2108 681 2145 sese
695 2091 810 2146 habent:
829 2093 857 2145 in
871 2093 985 2149 victoria

135 2165 179 2218 vel
196 2165 301 2233 ignavis
318 2166 429 2233 gloriari
447 2166 519 2234 licet,
534 2168 667 2221 advorsae
681 2184 726 2221 res
740 2168 823 2223 etiam
840 2168 925 2224 bonos
937 2169 985 2224 de-

44 2291 50 2301 ,
136 2243 266 2296 tractant.

189 2324 230 2370 54.
264 2315 395 2370 Metellus
416 2317 444 2371 in
466 2318 564 2373 iisdem
581 2318 680 2373 castris
698 2320 845 2388 quatriduo
862 2325 985 2374 moratus

137 2393 242 2447 saucios
259 2409 320 2445 cum
336 2409 401 2445 cura
415 2394 510 2460 reficit,
523 2390 636 2448 meritos
650 2395 680 2447 in
694 2395 806 2464 proeliis
825 2412 901 2450 more
918 2397 986 2450 mili·

138 2470 193 2523 tiae
206 2469 297 2536 donat,
309 2469 451 2523 univorsos
464 2471 492 2523 in
504 2471 630 2524 contione
643 2469 739 2525 laudat
753 2473 837 2538 atque
851 2472 909 2540 agit
925 2489 986 2540 gra

139 2546 206 2611 tias3
224 2544 351 2598 hortatur
362 2544 399 2598 ad
410 2551 502 2599 cetera
514 2563 585 2615 quae
597 2546 668 2616 levia
679 2549 743 2600 sunt
760 2564 855 2615 parem
867 2548 986 2601 animum

137 2625 250 2690 gerant3
267 2637 318 2689 pro
330 2621 444 2674 victoria
455 2623 522 2675 satis
534 2621 594 2689 jam
608 2625 767 2691 pugnatum,
779 2623 900 2690 reliquos
913 2622 987 2676 labo

137 2715 182 2752 res
193 2714 244 2766 pro
255 2697 358 2766 praeda
369 2698 434 2752 iore.
471 2698 573 2751 Tamen
587 2697 698 2751 interim
711 2698 867 2765 transfugas
879 2702 908 2752 et
919 2698 987 2752 alios

138 2777 312 2844 opportunos,
332 2773 472 2841 Jugurtha
491 2773 538 2826 ubi
558 2773 682 2841 gentium
703 2777 751 2827 aut
771 2773 840 2842 quid
859 2775 987 2841 agitaret,

137 2869 197 2904 cum
209 2849 338 2919 paucisne
351 2854 424 2904 esset
436 2867 471 2903 an
484 2850 636 2903 exercitum
647 2848 771 2916 haberet,
783 2855 814 2903 ut
827 2866 887 2903 sese
898 2850 987 2904 victus

136 2930 254 2994 gereret,
267 2926 440 2996 exploratum
452 2925 533 2979 misit.
570 2927 611 2978 At
622 2924 669 2978 ille
681 2925 781 2978 sesain
796 2925 856 2979 loca
868 2926 989 2980 saltuosa

138 3004 285 3055 etnatura
302 3002 407 3054 munita
424 3003 575 3068 receperat,
592 2999 685 3067 ibique
703 2999 819 3068 cogebat
836 3001 989 3054 exereitum

138 3092 251 3135 numero
260 3076 399 3130 hominum
406 3076 574 3145 ampliorem,
584 3075 633 3128 sed
645 3075 772 3129 hebetem
785 3076 988 3145 infirmumque,

139 3150 199 3217 agri
211 3166 243 3203 ae
255 3152 361 3219 pecoris
373 3153 460 3220 magis
472 3168 553 3219 quam
565 3150 632 3204 belli
642 3150 783 3205 cultorem.
806 3151 843 3204 Id
855 3168 889 3206 ea
899 3153 990 3221 gratia
