2275 3425
260 445 304 529 o.
344 440 627 529 sanuusm
672 439 873 545 narsei
975 491 977 494 ·

103 705 109 719 ,
191 610 437 696 nannnn
479 605 935 692 Joeunrnmon.

510 805 612 835 ...4-

68 973 70 976 ·
143 950 165 998 l.
192 944 283 999 Fanso
296 945 421 1015 queritur
432 944 469 999 de
480 948 580 999 natura
591 962 639 999 sua
650 961 736 1014 genus
747 944 903 1012 humanum,
915 943 990 1013 quod
1045 943 1052 960 ‘

141 1020 277 1075 imbecilla
295 1025 378 1090 atque
396 1022 456 1075 aevi
471 1021 566 1075 brevis
582 1021 655 1074 forte
675 1022 767 1090 potius
788 1038 870 1090 quam
886 1022 990 1074 virtute

131 1100 259 1164 regatur.
303 1097 375 1151 Nam
395 1101 490 1151 eontra
512 1094 667 1166 reputando
690 1114 779 1166 neque
802 1097 891 1166 majus
914 1093 990 1149 aliud

143 1189 230 1241 neque
249 1172 439 1243 praestabilius
460 1173 589 1238 invenias,
606 1174 746 1242 magisque
764 1175 879 1227 naturae
896 1172 989 1226 indus-

141 1250 222 1302 triam
233 1248 372 1303 hominum
383 1266 465 1318 quam
477 1249 532 1301 vim
544 1251 593 1301 aut
605 1251 715 1318 tempus
727 1249 830 1302 deesse.
864 1248 920 1303 Sed
932 1248 989 1301 dux

141 1329 224 1393 atque
240 1325 390 1394 imperator
409 1325 480 1378 vitae
496 1324 652 1377 mortalium
667 1325 773 1378 animus
787 1327 836 1378 est.
873 1324 926 1389 Qui
941 1323 989 1377 ubi

141 1401 177 1455 ad
194 1401 309 1469 gloriam
329 1401 440 1458 virtutis
460 1400 505 1453 ria
523 1403 674 1468 grassatur,
692 1400 801 1455 abunde
819 1400 924 1470 pollens
941 1416 989 1467 po

141 1480 256 1544 terisque
272 1479 301 1530 et
318 1477 406 1530 clarus
423 1479 573 1545 estusque
589 1477 699 1530 fortuna
715 1480 794 1545 eget3
810 1476 911 1545 quippe
927 1474 989 1544 pro

128 1554 262 1620 bitatem,
283 1552 446 1606 industriam
467 1552 588 1621 aliasque
612 1552 680 1606 artis
703 1552 788 1606 bonas
810 1569 900 1622 neque
921 1552 989 1606 dare

140 1646 229 1697 neque
241 1629 347 1698 eripere
359 1627 508 1698 [cuiquam]
519 1631 613 1696 potest
620 1649 627 1693 3
646 1630 687 1681 sin
698 1631 796 1698 eaptus
809 1629 900 1698 pravis
914 1629 989 1698 eupi-

140 1705 248 1760 dinibus
260 1704 297 1759 ad
312 1705 439 1759 inertiam
455 1707 484 1758 et
495 1704 650 1773 voluptates
662 1704 782 1774 eorporis
795 1703 988 1775 pessumdatus

140 1785 190 1848 est,
199 1782 350 1850 perniciosa
359 1781 481 1835 lubidine
489 1781 628 1849 paulisper
636 1798 710 1849 rrum,
719 1781 767 1835 ubi
777 1798 830 1851 per
838 1781 988 1836 secordiam

140 1852 218 1925 vires,
239 1860 357 1925 tempus,
378 1856 516 1924 ingenium
538 1856 689 1924 diffluxere,
709 1860 825 1912 naturae
844 1857 993 1911 infirmitas.

139 1936 298 1997 accusatum
323 1949 398 1986 suam
417 1932 532 2001 quisque
550 1933 656 2000 culpam
677 1937 803 1988 auctores
821 1933 859 1987 ad
878 1935 989 2001 negotia

139 2010 315 2062 transferunt
352 2008 455 2074 Quodsi
472 2008 628 2062 hominibus
645 2008 779 2062 bonarum
797 2026 890 2063 rerum
910 2014 989 2064 tanta

139 2101 204 2138 cura
217 2088 297 2152 esset,
310 2088 412 2154 quanto
427 2083 518 2139 studio
533 2084 621 2138 aliens
634 2102 666 2139 ao
680 2085 747 2139 nihil
761 2086 905 2155 profutura
919 2086 988 2139 mul-

139 2165 253 2228 tumque
263 2160 346 2214 etiam
354 2160 623 2229 periculosa'petunt,
633 2177 722 2229 neque
731 2165 893 2230 regerentur
902 2162 988 2230 magis

139 2253 220 2304 quam
239 2241 366 2304 regerent
386 2252 472 2303 casus,
491 2239 520 2289 et
539 2253 572 2290 eo
593 2237 790 2304 magnitudinis
808 2237 989 2307 procederent

139 2312 180 2365 uti
191 2329 241 2380 pro
254 2311 414 2365 mortalibus
425 2311 513 2380 gloria
524 2313 630 2366 aeterni
641 2312 748 2366 fierent.

190 2394 214 2441 2.
250 2388 321 2441 Nam
333 2388 375 2441 uti
386 2405 473 2456 genus
486 2387 623 2441 hominum
635 2389 815 2458 compositum
828 2406 861 2443 ex
874 2406 988 2458 eorpme

139 2467 168 2518 et
186 2465 277 2518 anima
295 2467 346 2532 est,
364 2465 404 2518 ita
424 2481 470 2518 res
489 2467 601 2518 cunetae
620 2465 767 2534 studiaque
786 2465 875 2519 omnia
894 2468 989 2519 nostra

138 2540 259 2610 eorporis
282 2540 342 2608 alia,
364 2540 418 2594 alia
439 2540 521 2594 animi
544 2545 670 2594 naturam
694 2544 853 2610 sequuntur.
897 2541 989 2609 Igitur

138 2617 279 2686 praeclara
300 2617 391 2685 sanies,
408 2632 523 2684 magnae
541 2615 662 2685 divitiae,
679 2617 715 2670 ad
736 2617 787 2671 hoo
807 2617 848 2670 vis
868 2617 988 2685 eorporis

138 2696 167 2747 et
183 2693 236 2747 alia
251 2692 441 2762 hujuscemodi
459 2692 549 2746 omnia
564 2692 641 2746 brevi
658 2693 831 2758 dilabuntur3
849 2696 880 2748 at
895 2693 988 2761 ingeni

137 2769 248 2837 egregia
259 2770 380 2823 facinora
391 2768 462 2823 deut
474 2768 563 2822 anima
574 2769 738 2822 immortalia
750 2772 820 2823 sunt.
845 2769 989 2822 Postremo

138 2847 258 2913 eorporis
278 2849 307 2900 et
326 2845 452 2900 fortunae
471 2844 604 2898 bonorum
623 2848 655 2899 ut
673 2844 782 2899 initium
801 2845 839 2899 sio
859 2845 921 2897 finis
938 2847 988 2905 est,

138 2921 281 2990 omniaque
295 2925 357 2975 orta
368 2921 496 2974 occidunt
512 2922 541 2974 et
555 2923 637 2974 aucta
652 2924 813 2985 senescunt3
830 2920 936 2972 animus
949 2918 990 2971 in-

137 3000 290 3066 enrmptus,
307 3000 443 3065 aeternus,
459 2999 550 3050 rector
567 2995 677 3049 humani
695 2995 810 3063 generis,
828 2995 887 3063 agit
904 2999 989 3062 atque

137 3070 221 3126 babet
233 3077 338 3140 cuneta,
350 3088 440 3140 neque
453 3072 513 3140 ipse
528 3071 652 3126 habetur.
688 3071 748 3135 Quo
764 3071 851 3138 magis
868 3069 990 3138 pravitas

137 3162 231 3200 eorum
249 3148 411 3203 adnriranda
428 3152 478 3215 est,
496 3148 544 3215 qui
565 3148 654 3211 dediti
673 3146 794 3216 eorporis
814 3146 922 3214 gaudiis
938 3159 990 3212 per
