<?xml version="1.0" encoding="UTF-8"?>
<!DOCTYPE html PUBLIC "-//W3C//DTD XHTML 1.0 Transitional//EN"
    "http://www.w3.org/TR/xhtml1/DTD/xhtml1-transitional.dtd">
<html xmlns="http://www.w3.org/1999/xhtml" xml:lang="en" lang="en">
 <head>
  <title>
</title>
<meta http-equiv="Content-Type" content="text/html;charset=utf-8" />
  <meta name='ocr-system' content='tesseract 3.04.00' />
  <meta name='ocr-capabilities' content='ocr_page ocr_carea ocr_par ocr_line ocrx_word'/>
</head>
<body>
  <div class='ocr_page' id='page_1' title='image "./csallusticrispi00longgoog_0088.png"; bbox 0 0 2275 3425; ppageno 0'>
   <div class='ocr_carea' id='block_1_1' title="bbox 148 101 752 162">
    <p class='ocr_par' dir='ltr' id='par_1_1' title="bbox 148 101 752 162">
     <span class='ocr_line' id='line_1_1' title="bbox 148 101 752 162; baseline -0.02 -1"><span class='ocrx_word' id='word_1_1' title='bbox 148 112 180 161; x_wconf 79' lang='lat'><strong>74</strong></span> <span class='ocrx_word' id='word_1_2' title='bbox 395 106 424 155; x_wconf 86' lang='lat' dir='ltr'><strong>C.</strong></span> <span class='ocrx_word' id='word_1_3' title='bbox 442 103 616 162; x_wconf 78' lang='lat' dir='ltr'>SALLUSTI</span> <span class='ocrx_word' id='word_1_4' title='bbox 633 101 752 150; x_wconf 78' lang='lat' dir='ltr'><strong>GRISPl</strong></span> 
     </span>
    </p>
   </div>
   <div class='ocr_carea' id='block_1_2' title="bbox 126 179 1003 3205">
    <p class='ocr_par' dir='ltr' id='par_1_2' title="bbox 126 179 1003 3205">
     <span class='ocr_line' id='line_1_2' title="bbox 148 179 1001 256; baseline -0.009 -15"><span class='ocrx_word' id='word_1_5' title='bbox 148 186 248 256; x_wconf 85' lang='lat' dir='ltr'><strong>pabulo</strong></span> <span class='ocrx_word' id='word_1_6' title='bbox 256 202 325 255; x_wconf 88' lang='lat' dir='ltr'><strong>opus</strong></span> <span class='ocrx_word' id='word_1_7' title='bbox 334 189 402 252; x_wconf 82' lang='lat' dir='ltr'><strong>erat,</strong></span> <span class='ocrx_word' id='word_1_8' title='bbox 412 185 537 239; x_wconf 83' lang='lat' dir='ltr'><strong>cohortes</strong></span> <span class='ocrx_word' id='word_1_9' title='bbox 545 199 607 237; x_wconf 93' lang='lat' dir='ltr'><strong>cum</strong></span> <span class='ocrx_word' id='word_1_10' title='bbox 616 181 688 235; x_wconf 90' lang='lat' dir='ltr'><strong>omni</strong></span> <span class='ocrx_word' id='word_1_11' title='bbox 701 181 827 250; x_wconf 84' lang='lat' dir='ltr'><strong>equitatu</strong></span> <span class='ocrx_word' id='word_1_12' title='bbox 834 179 1001 250; x_wconf 78' lang='lat' dir='ltr'><strong>praesidium</strong></span> 
     </span>
     <span class='ocr_line' id='line_1_3' title="bbox 148 256 1001 331; baseline -0.009 -15"><span class='ocrx_word' id='word_1_13' title='bbox 148 262 305 331; x_wconf 86' lang='lat' dir='ltr'><strong>agitabant;</strong></span> <span class='ocrx_word' id='word_1_14' title='bbox 323 262 459 315; x_wconf 86' lang='lat' dir='ltr'><strong>exercitus</strong></span> <span class='ocrx_word' id='word_1_15' title='bbox 478 265 588 329; x_wconf 86' lang='lat' dir='ltr'><strong>partem</strong></span> <span class='ocrx_word' id='word_1_16' title='bbox 607 259 673 327; x_wconf 89' lang='lat' dir='ltr'><strong>ipse,</strong></span> <span class='ocrx_word' id='word_1_17' title='bbox 687 258 808 324; x_wconf 88' lang='lat' dir='ltr'><strong>reliquos</strong></span> <span class='ocrx_word' id='word_1_18' title='bbox 828 257 933 310; x_wconf 88' lang='lat' dir='ltr'><strong>Marius</strong></span> <span class='ocrx_word' id='word_1_19' title='bbox 951 256 1001 309; x_wconf 91' lang='lat' dir='ltr'><strong>du·</strong></span> 
     </span>
     <span class='ocr_line' id='line_1_4' title="bbox 147 333 1000 406; baseline -0.009 -13"><span class='ocrx_word' id='word_1_20' title='bbox 147 340 248 393; x_wconf 82' lang='lat' dir='ltr'><strong>ecbat—</strong></span> <span class='ocrx_word' id='word_1_21' title='bbox 272 337 328 393; x_wconf 84' lang='lat' dir='ltr'><strong>Sed</strong></span> <span class='ocrx_word' id='word_1_22' title='bbox 347 338 402 405; x_wconf 83' lang='lat' dir='ltr'>igni</span> <span class='ocrx_word' id='word_1_23' title='bbox 422 338 508 403; x_wconf 83' lang='lat' dir='ltr'><strong>magis</strong></span> <span class='ocrx_word' id='word_1_24' title='bbox 524 353 606 405; x_wconf 88' lang='lat' dir='ltr'><strong>quam</strong></span> <span class='ocrx_word' id='word_1_25' title='bbox 623 335 727 406; x_wconf 83' lang='lat' dir='ltr'><strong>praeda</strong></span> <span class='ocrx_word' id='word_1_26' title='bbox 748 351 814 402; x_wconf 88' lang='lat' dir='ltr'><strong>ager</strong></span> <span class='ocrx_word' id='word_1_27' title='bbox 833 333 1000 387; x_wconf 85' lang='lat' dir='ltr'><strong>metabatur.</strong></span> 
     </span>
     <span class='ocr_line' id='line_1_5' title="bbox 149 408 1002 481; baseline -0.009 -12"><span class='ocrx_word' id='word_1_28' title='bbox 149 415 263 469; x_wconf 89' lang='lat' dir='ltr'><strong>Duobus</strong></span> <span class='ocrx_word' id='word_1_29' title='bbox 281 416 347 468; x_wconf 89' lang='lat' dir='ltr'><strong>lucis</strong></span> <span class='ocrx_word' id='word_1_30' title='bbox 367 414 440 467; x_wconf 89' lang='lat' dir='ltr'><strong>haud</strong></span> <span class='ocrx_word' id='word_1_31' title='bbox 458 414 627 481; x_wconf 86' lang='lat' dir='ltr'><strong>longeinter</strong></span> <span class='ocrx_word' id='word_1_32' title='bbox 639 429 668 465; x_wconf 89' lang='lat' dir='ltr'><strong>sc</strong></span> <span class='ocrx_word' id='word_1_33' title='bbox 681 416 770 464; x_wconf 84' lang='lat' dir='ltr'><strong>eastra</strong></span> <span class='ocrx_word' id='word_1_34' title='bbox 785 409 937 474; x_wconf 82' lang='lat' dir='ltr'><strong>iaciebant3</strong></span> <span class='ocrx_word' id='word_1_35' title='bbox 953 408 1002 462; x_wconf 90' lang='lat' dir='ltr'><strong>ubi</strong></span> 
     </span>
     <span class='ocr_line' id='line_1_6' title="bbox 148 485 1003 559; baseline -0.008 -15"><span class='ocrx_word' id='word_1_36' title='bbox 148 491 175 544; x_wconf 86' lang='lat' dir='ltr'><strong>vi</strong></span> <span class='ocrx_word' id='word_1_37' title='bbox 187 508 254 559; x_wconf 91' lang='lat' dir='ltr'><strong>opus</strong></span> <span class='ocrx_word' id='word_1_38' title='bbox 274 493 339 554; x_wconf 72' lang='lat' dir='ltr'><strong>erat,</strong></span> <span class='ocrx_word' id='word_1_39' title='bbox 358 490 449 544; x_wconf 89' lang='lat' dir='ltr'><strong>cuncti</strong></span> <span class='ocrx_word' id='word_1_40' title='bbox 471 489 595 554; x_wconf 84' lang='lat' dir='ltr'><strong>aderant,</strong></span> <span class='ocrx_word' id='word_1_41' title='bbox 616 504 646 541; x_wconf 89' lang='lat' dir='ltr'><strong>oe</strong></span> <span class='ocrx_word' id='word_1_42' title='bbox 649 496 739 540; x_wconf 89' lang='lat' dir='ltr'><strong>terum</strong></span> <span class='ocrx_word' id='word_1_43' title='bbox 758 502 813 553; x_wconf 91' lang='lat' dir='ltr'><strong>quo</strong></span> <span class='ocrx_word' id='word_1_44' title='bbox 831 485 898 553; x_wconf 87' lang='lat' dir='ltr'><strong>iuga</strong></span> <span class='ocrx_word' id='word_1_45' title='bbox 917 488 1003 553; x_wconf 87' lang='lat' dir='ltr'><strong>atque</strong></span> 
     </span>
     <span class='ocr_line' id='line_1_7' title="bbox 147 562 1001 630; baseline -0.007 -11"><span class='ocrx_word' id='word_1_46' title='bbox 147 566 265 621; x_wconf 83' lang='lat' dir='ltr'><strong>formido</strong></span> <span class='ocrx_word' id='word_1_47' title='bbox 279 566 361 620; x_wconf 89' lang='lat' dir='ltr'><strong>latius</strong></span> <span class='ocrx_word' id='word_1_48' title='bbox 377 569 514 619; x_wconf 78' lang='lat' dir='ltr'><strong>cresceret</strong></span> <span class='ocrx_word' id='word_1_49' title='bbox 531 564 633 617; x_wconf 88' lang='lat' dir='ltr'><strong>divorsi</strong></span> <span class='ocrx_word' id='word_1_50' title='bbox 658 576 693 630; x_wconf 86' lang='lat' dir='ltr'><strong>ag</strong></span> <span class='ocrx_word' id='word_1_51' title='bbox 675 563 782 615; x_wconf 67' lang='lat' dir='ltr'><strong>eseban.</strong></span> <span class='ocrx_word' id='word_1_52' title='bbox 818 562 858 614; x_wconf 84' lang='lat' dir='ltr'><strong>llo</strong></span> <span class='ocrx_word' id='word_1_53' title='bbox 877 567 1001 627; x_wconf 87' lang='lat' dir='ltr'><strong>tempore</strong></span> 
     </span>
     <span class='ocr_line' id='line_1_8' title="bbox 148 638 1002 710; baseline -0.007 -15"><span class='ocrx_word' id='word_1_54' title='bbox 148 642 290 710; x_wconf 67' lang='lat' dir='ltr'><strong>,Iugurtha</strong></span> <span class='ocrx_word' id='word_1_55' title='bbox 310 658 360 710; x_wconf 89' lang='lat' dir='ltr'><strong>per</strong></span> <span class='ocrx_word' id='word_1_56' title='bbox 380 640 457 695; x_wconf 89' lang='lat' dir='ltr'><strong>collis</strong></span> <span class='ocrx_word' id='word_1_57' title='bbox 478 640 562 708; x_wconf 89' lang='lat' dir='ltr'><strong>sequi</strong></span> <span class='ocrx_word' id='word_1_58' title='bbox 584 643 693 706; x_wconf 89' lang='lat' dir='ltr'><strong>tempus</strong></span> <span class='ocrx_word' id='word_1_59' title='bbox 713 642 761 692; x_wconf 87' lang='lat' dir='ltr'><strong>aut</strong></span> <span class='ocrx_word' id='word_1_60' title='bbox 780 638 870 692; x_wconf 88' lang='lat' dir='ltr'><strong>locum</strong></span> <span class='ocrx_word' id='word_1_61' title='bbox 893 653 1002 705; x_wconf 80' lang='lat' dir='ltr'><strong>pugnae</strong></span> 
     </span>
     <span class='ocr_line' id='line_1_9' title="bbox 148 708 1001 792; baseline -0.007 -21"><span class='ocrx_word' id='word_1_62' title='bbox 148 734 288 786; x_wconf 89' lang='lat' dir='ltr'><strong>quaerere,</strong></span> <span class='ocrx_word' id='word_1_63' title='bbox 312 734 366 786; x_wconf 87' lang='lat' dir='ltr'><strong>qua</strong></span> <span class='ocrx_word' id='word_1_64' title='bbox 385 721 531 770; x_wconf 82' lang='lat' dir='ltr'><strong>venturum</strong></span> <span class='ocrx_word' id='word_1_65' title='bbox 548 716 656 792; x_wconf 79' lang='lat' dir='ltr'><strong>hostem</strong></span> <span class='ocrx_word' id='word_1_66' title='bbox 676 708 803 768; x_wconf 79' lang='lat' dir='ltr'><strong>audierat</strong></span> <span class='ocrx_word' id='word_1_67' title='bbox 823 712 952 783; x_wconf 86' lang='lat' dir='ltr'><strong>pabulum</strong></span> <span class='ocrx_word' id='word_1_68' title='bbox 971 716 1001 766; x_wconf 89' lang='lat' dir='ltr'><strong>et</strong></span> 
     </span>
     <span class='ocr_line' id='line_1_10' title="bbox 148 786 1001 862; baseline -0.008 -16"><span class='ocrx_word' id='word_1_69' title='bbox 148 810 280 862; x_wconf 82' lang='lat' dir='ltr'><strong>aquarum</strong></span> <span class='ocrx_word' id='word_1_70' title='bbox 291 793 360 855; x_wconf 84' lang='lat' dir='ltr'><strong>font</strong></span> <span class='ocrx_word' id='word_1_71' title='bbox 340 797 376 846; x_wconf 89' lang='lat' dir='ltr'><strong>trs</strong></span> <span class='ocrx_word' id='word_1_72' title='bbox 377 809 509 861; x_wconf 90' lang='lat' dir='ltr'><strong>,quorum</strong></span> <span class='ocrx_word' id='word_1_73' title='bbox 521 786 636 860; x_wconf 87' lang='lat' dir='ltr'><strong>penuria</strong></span> <span class='ocrx_word' id='word_1_74' title='bbox 648 794 709 844; x_wconf 86' lang='lat' dir='ltr'><strong>erat</strong></span> <span class='ocrx_word' id='word_1_75' title='bbox 708 805 907 858; x_wconf 88' lang='lat' dir='ltr'><strong>„corrumpere</strong></span> <span class='ocrx_word' id='word_1_76' title='bbox 919 787 1001 840; x_wconf 89' lang='lat' dir='ltr'><strong>modo</strong></span> 
     </span>
     <span class='ocr_line' id='line_1_11' title="bbox 149 864 1001 935; baseline -0.006 -14"><span class='ocrx_word' id='word_1_77' title='bbox 149 885 179 923; x_wconf 89' lang='lat' dir='ltr'><strong>se</strong></span> <span class='ocrx_word' id='word_1_78' title='bbox 198 868 318 935; x_wconf 87' lang='lat' dir='ltr'><strong>Metello,</strong></span> <span class='ocrx_word' id='word_1_79' title='bbox 343 868 483 921; x_wconf 87' lang='lat' dir='ltr'><strong>interdum</strong></span> <span class='ocrx_word' id='word_1_80' title='bbox 508 867 597 920; x_wconf 83' lang='lat' dir='ltr'><strong>Mario</strong></span> <span class='ocrx_word' id='word_1_81' title='bbox 621 866 776 933; x_wconf 89' lang='lat' dir='ltr'><strong>ostendere,</strong></span> <span class='ocrx_word' id='word_1_82' title='bbox 799 864 979 934; x_wconf 88' lang='lat' dir='ltr'><strong>postremos</strong></span> <span class='ocrx_word' id='word_1_83' title='bbox 971 880 1001 917; x_wconf 91' lang='lat' dir='ltr'><strong>m</strong></span> 
     </span>
     <span class='ocr_line' id='line_1_12' title="bbox 148 939 1000 1011; baseline -0.009 -13"><span class='ocrx_word' id='word_1_84' title='bbox 148 946 256 1011; x_wconf 79' lang='lat' dir='ltr'><strong>agmine</strong></span> <span class='ocrx_word' id='word_1_85' title='bbox 268 947 406 1010; x_wconf 88' lang='lat' dir='ltr'><strong>temptare</strong></span> <span class='ocrx_word' id='word_1_86' title='bbox 418 959 449 996; x_wconf 83' lang='lat' dir='ltr'><strong>ae</strong></span> <span class='ocrx_word' id='word_1_87' title='bbox 462 943 577 996; x_wconf 84' lang='lat' dir='ltr'><strong>stetim</strong></span> <span class='ocrx_word' id='word_1_88' title='bbox 569 959 598 995; x_wconf 91' lang='lat' dir='ltr'><strong>m</strong></span> <span class='ocrx_word' id='word_1_89' title='bbox 611 942 686 996; x_wconf 91' lang='lat' dir='ltr'><strong>collis</strong></span> <span class='ocrx_word' id='word_1_90' title='bbox 698 941 817 1009; x_wconf 82' lang='lat' dir='ltr'><strong>regredi,</strong></span> <span class='ocrx_word' id='word_1_91' title='bbox 825 956 920 992; x_wconf 90' lang='lat' dir='ltr'><strong>rursus</strong></span> <span class='ocrx_word' id='word_1_92' title='bbox 931 939 1000 1006; x_wconf 87' lang='lat' dir='ltr'><strong>aliis,</strong></span> 
     </span>
     <span class='ocr_line' id='line_1_13' title="bbox 148 1014 1001 1089; baseline -0.008 -16"><span class='ocrx_word' id='word_1_93' title='bbox 148 1024 211 1089; x_wconf 86' lang='lat' dir='ltr'><strong>post</strong></span> <span class='ocrx_word' id='word_1_94' title='bbox 199 1019 285 1074; x_wconf 88' lang='lat' dir='ltr'><strong>taliis</strong></span> <span class='ocrx_word' id='word_1_95' title='bbox 302 1019 423 1072; x_wconf 88' lang='lat' dir='ltr'><strong>minitari</strong></span> <span class='ocrx_word' id='word_1_96' title='bbox 424 1035 533 1086; x_wconf 90' lang='lat' dir='ltr'><strong>,neque</strong></span> <span class='ocrx_word' id='word_1_97' title='bbox 552 1018 687 1086; x_wconf 90' lang='lat' dir='ltr'><strong>proelium</strong></span> <span class='ocrx_word' id='word_1_98' title='bbox 702 1017 793 1070; x_wconf 83' lang='lat' dir='ltr'><strong>facere</strong></span> <span class='ocrx_word' id='word_1_99' title='bbox 809 1031 898 1083; x_wconf 89' lang='lat' dir='ltr'><strong>neque</strong></span> <span class='ocrx_word' id='word_1_100' title='bbox 914 1014 1001 1067; x_wconf 90' lang='lat' dir='ltr'><strong>otium</strong></span> 
     </span>
     <span class='ocr_line' id='line_1_14' title="bbox 149 1092 915 1163; baseline -0.007 -13"><span class='ocrx_word' id='word_1_101' title='bbox 149 1097 215 1163; x_wconf 81' lang='lat' dir='ltr'><strong>pati,</strong></span> <span class='ocrx_word' id='word_1_102' title='bbox 228 1094 420 1150; x_wconf 84' lang='lat' dir='ltr'><strong>tantummodo</strong></span> <span class='ocrx_word' id='word_1_103' title='bbox 432 1094 539 1147; x_wconf 83' lang='lat' dir='ltr'><strong>hostem</strong></span> <span class='ocrx_word' id='word_1_104' title='bbox 550 1093 587 1147; x_wconf 87' lang='lat' dir='ltr'><strong>ab</strong></span> <span class='ocrx_word' id='word_1_105' title='bbox 598 1095 707 1162; x_wconf 85' lang='lat' dir='ltr'><strong>incepto</strong></span> <span class='ocrx_word' id='word_1_106' title='bbox 719 1109 750 1145; x_wconf 88' lang='lat' dir='ltr'><strong>re</strong></span> <span class='ocrx_word' id='word_1_107' title='bbox 751 1092 846 1146; x_wconf 89' lang='lat' dir='ltr'><strong>tinere</strong></span> <span class='ocrx_word' id='word_1_108' title='bbox 910 1111 915 1120; x_wconf 81' lang='grc'><em>·</em></span> 
     </span>
     <span class='ocr_line' id='line_1_15' title="bbox 201 1165 1001 1238; baseline -0.005 -14"><span class='ocrx_word' id='word_1_109' title='bbox 201 1177 242 1226; x_wconf 87' lang='lat'><strong>56.</strong></span> <span class='ocrx_word' id='word_1_110' title='bbox 278 1171 416 1224; x_wconf 80' lang='lat' dir='ltr'><strong>Romanm</strong></span> <span class='ocrx_word' id='word_1_111' title='bbox 435 1170 584 1238; x_wconf 89' lang='lat' dir='ltr'><strong>imperator</strong></span> <span class='ocrx_word' id='word_1_112' title='bbox 601 1168 648 1221; x_wconf 94' lang='lat' dir='ltr'><strong>ubi</strong></span> <span class='ocrx_word' id='word_1_113' title='bbox 667 1184 697 1221; x_wconf 91' lang='lat' dir='ltr'><strong>se</strong></span> <span class='ocrx_word' id='word_1_114' title='bbox 715 1167 785 1221; x_wconf 90' lang='lat' dir='ltr'><strong>dolis</strong></span> <span class='ocrx_word' id='word_1_115' title='bbox 802 1166 911 1234; x_wconf 83' lang='lat' dir='ltr'><strong>fatigari</strong></span> <span class='ocrx_word' id='word_1_116' title='bbox 924 1165 1001 1220; x_wconf 81' lang='lat' dir='ltr'><strong>videt</strong></span> 
     </span>
     <span class='ocr_line' id='line_1_16' title="bbox 136 1236 1001 1333; baseline -0.006 -34"><span class='ocrx_word' id='word_1_117' title='bbox 136 1250 238 1333; x_wconf 78' lang='lat' dir='ltr'><strong>&#39;neque</strong></span> <span class='ocrx_word' id='word_1_118' title='bbox 250 1247 285 1300; x_wconf 91' lang='lat' dir='ltr'><strong>ab</strong></span> <span class='ocrx_word' id='word_1_119' title='bbox 297 1247 375 1300; x_wconf 87' lang='lat' dir='ltr'><strong>hoste</strong></span> <span class='ocrx_word' id='word_1_120' title='bbox 393 1245 498 1313; x_wconf 88' lang='lat' dir='ltr'><strong>copiam</strong></span> <span class='ocrx_word' id='word_1_121' title='bbox 518 1244 659 1313; x_wconf 85' lang='lat' dir='ltr'><strong>pugnandi</strong></span> <span class='ocrx_word' id='word_1_122' title='bbox 677 1236 746 1310; x_wconf 86' lang='lat' dir='ltr'><strong>fieri,</strong></span> <span class='ocrx_word' id='word_1_123' title='bbox 759 1242 855 1295; x_wconf 90' lang='lat' dir='ltr'><strong>urbem</strong></span> <span class='ocrx_word' id='word_1_124' title='bbox 873 1258 1001 1308; x_wconf 84' lang='lat' dir='ltr'><strong>magnam</strong></span> 
     </span>
     <span class='ocr_line' id='line_1_17' title="bbox 148 1318 999 1390; baseline -0.008 -14.839"><span class='ocrx_word' id='word_1_125' title='bbox 148 1323 218 1376; x_wconf 85' lang='lat' dir='ltr'><strong>etin</strong></span> <span class='ocrx_word' id='word_1_126' title='bbox 230 1338 263 1375; x_wconf 84' lang='lat' dir='ltr'><strong>ea</strong></span> <span class='ocrx_word' id='word_1_127' title='bbox 274 1325 353 1390; x_wconf 88' lang='lat' dir='ltr'><strong>parte</strong></span> <span class='ocrx_word' id='word_1_128' title='bbox 363 1338 417 1389; x_wconf 88' lang='lat' dir='ltr'><strong>qua</strong></span> <span class='ocrx_word' id='word_1_129' title='bbox 429 1321 481 1373; x_wconf 89' lang='lat' dir='ltr'><strong>sita</strong></span> <span class='ocrx_word' id='word_1_130' title='bbox 493 1325 553 1374; x_wconf 89' lang='lat' dir='ltr'><strong>erat</strong></span> <span class='ocrx_word' id='word_1_131' title='bbox 565 1337 656 1374; x_wconf 86' lang='lat' dir='ltr'><strong>arcem</strong></span> <span class='ocrx_word' id='word_1_132' title='bbox 669 1319 753 1387; x_wconf 88' lang='lat' dir='ltr'><strong>regni,</strong></span> <span class='ocrx_word' id='word_1_133' title='bbox 763 1319 872 1371; x_wconf 90' lang='lat' dir='ltr'><strong>nomine</strong></span> <span class='ocrx_word' id='word_1_134' title='bbox 881 1318 999 1383; x_wconf 84' lang='lat' dir='ltr'><strong>Zamam,</strong></span> 
     </span>
     <span class='ocr_line' id='line_1_18' title="bbox 150 1393 1001 1466; baseline -0.004 -17"><span class='ocrx_word' id='word_1_135' title='bbox 150 1396 248 1452; x_wconf 82' lang='lat' dir='ltr'><strong>statuit</strong></span> <span class='ocrx_word' id='word_1_136' title='bbox 256 1413 422 1466; x_wconf 76' lang='lat' dir='ltr'><strong>oppugnare,</strong></span> <span class='ocrx_word' id='word_1_137' title='bbox 431 1399 515 1462; x_wconf 87' lang='lat' dir='ltr'><strong>ratus,</strong></span> <span class='ocrx_word' id='word_1_138' title='bbox 525 1396 555 1448; x_wconf 87' lang='lat' dir='ltr'><strong>id</strong></span> <span class='ocrx_word' id='word_1_139' title='bbox 564 1395 639 1464; x_wconf 91' lang='lat' dir='ltr'><strong>quod</strong></span> <span class='ocrx_word' id='word_1_140' title='bbox 650 1395 791 1462; x_wconf 86' lang='lat' dir='ltr'><strong>negotium</strong></span> <span class='ocrx_word' id='word_1_141' title='bbox 803 1393 941 1462; x_wconf 84' lang='lat' dir='ltr'><strong>poscebat,</strong></span> <span class='ocrx_word' id='word_1_142' title='bbox 951 1393 968 1444; x_wconf 84' lang='lat' dir='ltr'>J</span> <span class='ocrx_word' id='word_1_143' title='bbox 972 1410 1001 1446; x_wconf 92' lang='lat' dir='ltr'><strong>u</strong></span> 
     </span>
     <span class='ocr_line' id='line_1_19' title="bbox 148 1469 1001 1539; baseline -0.004 -14"><span class='ocrx_word' id='word_1_144' title='bbox 148 1472 277 1539; x_wconf 87' lang='lat' dir='ltr'><strong>gurtham</strong></span> <span class='ocrx_word' id='word_1_145' title='bbox 288 1472 474 1526; x_wconf 81' lang='lat' dir='ltr'><strong>laborantibus</strong></span> <span class='ocrx_word' id='word_1_146' title='bbox 487 1472 543 1525; x_wconf 91' lang='lat' dir='ltr'><strong>suis</strong></span> <span class='ocrx_word' id='word_1_147' title='bbox 548 1471 655 1524; x_wconf 82' lang='lat' dir='ltr'><strong>‘auxilio</strong></span> <span class='ocrx_word' id='word_1_148' title='bbox 663 1474 815 1534; x_wconf 85' lang='lat' dir='ltr'><strong>venturum,</strong></span> <span class='ocrx_word' id='word_1_149' title='bbox 823 1469 916 1537; x_wconf 88' lang='lat' dir='ltr'><strong>ibique</strong></span> <span class='ocrx_word' id='word_1_150' title='bbox 925 1485 1001 1536; x_wconf 90' lang='lat' dir='ltr'><strong>proe-</strong></span> 
     </span>
     <span class='ocr_line' id='line_1_20' title="bbox 149 1545 1000 1616; baseline -0.002 -17"><span class='ocrx_word' id='word_1_151' title='bbox 149 1548 215 1600; x_wconf 89' lang='lat' dir='ltr'><strong>lium</strong></span> <span class='ocrx_word' id='word_1_152' title='bbox 226 1548 292 1602; x_wconf 84' lang='lat' dir='ltr'><strong>fore.</strong></span> <span class='ocrx_word' id='word_1_153' title='bbox 329 1551 369 1603; x_wconf 85' lang='lat' dir='ltr'><strong>At</strong></span> <span class='ocrx_word' id='word_1_154' title='bbox 386 1548 433 1601; x_wconf 91' lang='lat' dir='ltr'><strong>ille</strong></span> <span class='ocrx_word' id='word_1_155' title='bbox 449 1564 518 1616; x_wconf 90' lang='lat' dir='ltr'><strong>quae</strong></span> <span class='ocrx_word' id='word_1_156' title='bbox 535 1547 704 1616; x_wconf 89' lang='lat' dir='ltr'><strong>parabantur</strong></span> <span class='ocrx_word' id='word_1_157' title='bbox 716 1563 732 1599; x_wconf 83' lang='lat' dir='ltr'><strong>a</strong></span> <span class='ocrx_word' id='word_1_158' title='bbox 744 1545 868 1614; x_wconf 87' lang='lat' dir='ltr'><strong>perfugis</strong></span> <span class='ocrx_word' id='word_1_159' title='bbox 885 1545 1000 1598; x_wconf 85' lang='lat' dir='ltr'><strong>edoctus</strong></span> 
     </span>
     <span class='ocr_line' id='line_1_21' title="bbox 149 1621 1001 1691; baseline -0.004 -15"><span class='ocrx_word' id='word_1_160' title='bbox 149 1624 254 1691; x_wconf 88' lang='lat' dir='ltr'><strong>magnis</strong></span> <span class='ocrx_word' id='word_1_161' title='bbox 266 1623 409 1678; x_wconf 85' lang='lat' dir='ltr'><strong>itineribus</strong></span> <span class='ocrx_word' id='word_1_162' title='bbox 426 1623 570 1677; x_wconf 88' lang='lat' dir='ltr'><strong>Metellum</strong></span> <span class='ocrx_word' id='word_1_163' title='bbox 587 1623 734 1689; x_wconf 84' lang='lat' dir='ltr'><strong>antevenit,</strong></span> <span class='ocrx_word' id='word_1_164' title='bbox 747 1621 897 1690; x_wconf 83' lang='lat' dir='ltr'><strong>oppidanos</strong></span> <span class='ocrx_word' id='word_1_165' title='bbox 909 1621 1001 1674; x_wconf 84' lang='lat' dir='ltr'><strong>horta-</strong></span> 
     </span>
     <span class='ocr_line' id='line_1_22' title="bbox 149 1697 1001 1767; baseline -0.005 -14"><span class='ocrx_word' id='word_1_166' title='bbox 149 1702 196 1753; x_wconf 88' lang='lat' dir='ltr'><strong>tur</strong></span> <span class='ocrx_word' id='word_1_167' title='bbox 211 1700 317 1754; x_wconf 88' lang='lat' dir='ltr'><strong>moenia</strong></span> <span class='ocrx_word' id='word_1_168' title='bbox 331 1699 481 1754; x_wconf 86' lang='lat' dir='ltr'><strong>defendant</strong></span> <span class='ocrx_word' id='word_1_169' title='bbox 497 1698 600 1753; x_wconf 85' lang='lat' dir='ltr'><strong>additis</strong></span> <span class='ocrx_word' id='word_1_170' title='bbox 616 1698 716 1751; x_wconf 85' lang='lat' dir='ltr'><strong>auxilio</strong></span> <span class='ocrx_word' id='word_1_171' title='bbox 728 1697 857 1767; x_wconf 72' lang='lat' dir='ltr'><strong>perfugis,</strong></span> <span class='ocrx_word' id='word_1_172' title='bbox 870 1697 944 1765; x_wconf 81' lang='lat' dir='ltr'><strong>qrrod</strong></span> <span class='ocrx_word' id='word_1_173' title='bbox 954 1713 1001 1764; x_wconf 87' lang='lat' dir='ltr'><strong>ge-</strong></span> 
     </span>
     <span class='ocr_line' id='line_1_23' title="bbox 148 1773 999 1849; baseline -0.001 -22"><span class='ocrx_word' id='word_1_174' title='bbox 148 1791 200 1828; x_wconf 88' lang='lat' dir='ltr'><strong>nus</strong></span> <span class='ocrx_word' id='word_1_175' title='bbox 215 1792 250 1829; x_wconf 85' lang='lat' dir='ltr'><strong>ex</strong></span> <span class='ocrx_word' id='word_1_176' title='bbox 266 1777 351 1845; x_wconf 87' lang='lat' dir='ltr'><strong>copiis</strong></span> <span class='ocrx_word' id='word_1_177' title='bbox 365 1777 445 1844; x_wconf 86' lang='lat' dir='ltr'><strong>regis,</strong></span> <span class='ocrx_word' id='word_1_178' title='bbox 462 1776 527 1842; x_wconf 86' lang='lat' dir='ltr'><strong>quia</strong></span> <span class='ocrx_word' id='word_1_179' title='bbox 541 1775 636 1828; x_wconf 83' lang='lat' dir='ltr'><strong>fallere</strong></span> <span class='ocrx_word' id='word_1_180' title='bbox 651 1774 791 1842; x_wconf 84' lang='lat' dir='ltr'><strong>nequibat,</strong></span> <span class='ocrx_word' id='word_1_181' title='bbox 805 1773 999 1849; x_wconf 76' lang='lat' dir='ltr'><strong>firmissumum</strong></span> 
     </span>
     <span class='ocr_line' id='line_1_24' title="bbox 149 1850 995 1920; baseline -0.005 -16"><span class='ocrx_word' id='word_1_182' title='bbox 149 1855 224 1916; x_wconf 89' lang='lat' dir='ltr'><strong>erat;</strong></span> <span class='ocrx_word' id='word_1_183' title='bbox 249 1856 392 1920; x_wconf 85' lang='lat' dir='ltr'><strong>praeterea</strong></span> <span class='ocrx_word' id='word_1_184' title='bbox 411 1851 555 1920; x_wconf 88' lang='lat' dir='ltr'><strong>pollicetur</strong></span> <span class='ocrx_word' id='word_1_185' title='bbox 573 1850 601 1903; x_wconf 88' lang='lat' dir='ltr'><strong>in</strong></span> <span class='ocrx_word' id='word_1_186' title='bbox 621 1853 746 1920; x_wconf 88' lang='lat' dir='ltr'><strong>tempore</strong></span> <span class='ocrx_word' id='word_1_187' title='bbox 766 1853 853 1903; x_wconf 87' lang='lat' dir='ltr'><strong>semet</strong></span> <span class='ocrx_word' id='word_1_188' title='bbox 873 1865 934 1902; x_wconf 90' lang='lat' dir='ltr'><strong>curn</strong></span> <span class='ocrx_word' id='word_1_189' title='bbox 953 1865 995 1901; x_wconf 89' lang='lat' dir='ltr'><strong>ex·</strong></span> 
     </span>
     <span class='ocr_line' id='line_1_25' title="bbox 149 1925 1000 1995; baseline -0.004 -15"><span class='ocrx_word' id='word_1_190' title='bbox 149 1927 237 1981; x_wconf 86' lang='lat' dir='ltr'><strong>ercitu</strong></span> <span class='ocrx_word' id='word_1_191' title='bbox 248 1928 338 1980; x_wconf 86' lang='lat' dir='ltr'><strong>affore.</strong></span> <span class='ocrx_word' id='word_1_192' title='bbox 374 1927 421 1980; x_wconf 86' lang='lat' dir='ltr'><strong>Ita</strong></span> <span class='ocrx_word' id='word_1_193' title='bbox 432 1926 589 1995; x_wconf 89' lang='lat' dir='ltr'><strong>compositis</strong></span> <span class='ocrx_word' id='word_1_194' title='bbox 601 1926 685 1979; x_wconf 88' lang='lat' dir='ltr'><strong>rebus</strong></span> <span class='ocrx_word' id='word_1_195' title='bbox 697 1926 725 1978; x_wconf 89' lang='lat' dir='ltr'><strong>in</strong></span> <span class='ocrx_word' id='word_1_196' title='bbox 738 1925 797 1979; x_wconf 87' lang='lat' dir='ltr'><strong>loca</strong></span> <span class='ocrx_word' id='word_1_197' title='bbox 808 1941 891 1992; x_wconf 81' lang='lat' dir='ltr'><strong>quo-m</strong></span> <span class='ocrx_word' id='word_1_198' title='bbox 908 1941 1000 1977; x_wconf 80' lang='lat' dir='ltr'><strong>maxu-</strong></span> 
     </span>
     <span class='ocr_line' id='line_1_26' title="bbox 149 2000 999 2070; baseline -0.005 -15"><span class='ocrx_word' id='word_1_199' title='bbox 149 2019 192 2055; x_wconf 91' lang='lat' dir='ltr'><strong>me</strong></span> <span class='ocrx_word' id='word_1_200' title='bbox 203 2004 308 2057; x_wconf 89' lang='lat' dir='ltr'><strong>ccculta</strong></span> <span class='ocrx_word' id='word_1_201' title='bbox 320 2002 446 2068; x_wconf 81' lang='lat' dir='ltr'><strong>discedit,</strong></span> <span class='ocrx_word' id='word_1_202' title='bbox 459 2019 490 2056; x_wconf 89' lang='lat' dir='ltr'><strong>ac</strong></span> <span class='ocrx_word' id='word_1_203' title='bbox 501 2007 564 2070; x_wconf 87' lang='lat' dir='ltr'><strong>post</strong></span> <span class='ocrx_word' id='word_1_204' title='bbox 580 2001 662 2070; x_wconf 85' lang='lat' dir='ltr'><strong>paulo</strong></span> <span class='ocrx_word' id='word_1_205' title='bbox 679 2002 816 2068; x_wconf 85' lang='lat' dir='ltr'><strong>cognoscit</strong></span> <span class='ocrx_word' id='word_1_206' title='bbox 834 2000 951 2052; x_wconf 88' lang='lat' dir='ltr'><strong>Marium</strong></span> <span class='ocrx_word' id='word_1_207' title='bbox 964 2017 999 2052; x_wconf 81' lang='lat' dir='ltr'><strong>ex</strong></span> 
     </span>
     <span class='ocr_line' id='line_1_27' title="bbox 148 2075 999 2146; baseline -0.002 -16"><span class='ocrx_word' id='word_1_208' title='bbox 148 2078 247 2132; x_wconf 88' lang='lat' dir='ltr'><strong>itinere</strong></span> <span class='ocrx_word' id='word_1_209' title='bbox 258 2080 457 2132; x_wconf 84' lang='lat' dir='ltr'><strong>frumentatum</strong></span> <span class='ocrx_word' id='word_1_210' title='bbox 469 2094 531 2131; x_wconf 89' lang='lat' dir='ltr'><strong>cum</strong></span> <span class='ocrx_word' id='word_1_211' title='bbox 542 2078 638 2146; x_wconf 86' lang='lat' dir='ltr'><strong>paucis</strong></span> <span class='ocrx_word' id='word_1_212' title='bbox 649 2077 807 2130; x_wconf 90' lang='lat' dir='ltr'><strong>cohortibus</strong></span> <span class='ocrx_word' id='word_1_213' title='bbox 821 2076 924 2130; x_wconf 77' lang='lat' dir='ltr'><strong>Siccam</strong></span> <span class='ocrx_word' id='word_1_214' title='bbox 936 2075 999 2128; x_wconf 87' lang='lat' dir='ltr'><strong>mis-</strong></span> 
     </span>
     <span class='ocr_line' id='line_1_28' title="bbox 148 2151 999 2223; baseline -0.005 -17"><span class='ocrx_word' id='word_1_215' title='bbox 148 2169 216 2221; x_wconf 88' lang='lat' dir='ltr'><strong>sum,</strong></span> <span class='ocrx_word' id='word_1_216' title='bbox 234 2154 308 2221; x_wconf 90' lang='lat' dir='ltr'><strong>quod</strong></span> <span class='ocrx_word' id='word_1_217' title='bbox 322 2154 453 2223; x_wconf 89' lang='lat' dir='ltr'><strong>oppidum</strong></span> <span class='ocrx_word' id='word_1_218' title='bbox 470 2153 590 2222; x_wconf 90' lang='lat' dir='ltr'><strong>primum</strong></span> <span class='ocrx_word' id='word_1_219' title='bbox 606 2153 727 2206; x_wconf 90' lang='lat' dir='ltr'><strong>omnium</strong></span> <span class='ocrx_word' id='word_1_220' title='bbox 741 2155 804 2221; x_wconf 89' lang='lat' dir='ltr'><strong>post</strong></span> <span class='ocrx_word' id='word_1_221' title='bbox 820 2151 919 2204; x_wconf 85' lang='lat' dir='ltr'><strong>malam</strong></span> <span class='ocrx_word' id='word_1_222' title='bbox 932 2168 999 2220; x_wconf 86' lang='lat' dir='ltr'><strong>pug-</strong></span> 
     </span>
     <span class='ocr_line' id='line_1_29' title="bbox 148 2226 999 2297; baseline -0.005 -14"><span class='ocrx_word' id='word_1_223' title='bbox 148 2246 211 2283; x_wconf 85' lang='lat' dir='ltr'><strong>nam</strong></span> <span class='ocrx_word' id='word_1_224' title='bbox 235 2230 270 2283; x_wconf 91' lang='lat' dir='ltr'><strong>ab</strong></span> <span class='ocrx_word' id='word_1_225' title='bbox 293 2246 358 2297; x_wconf 89' lang='lat' dir='ltr'><strong>rege</strong></span> <span class='ocrx_word' id='word_1_226' title='bbox 383 2230 529 2283; x_wconf 85' lang='lat' dir='ltr'><strong>defecerat.</strong></span> <span class='ocrx_word' id='word_1_227' title='bbox 576 2230 615 2281; x_wconf 80' lang='lat' dir='ltr'><strong>llo</strong></span> <span class='ocrx_word' id='word_1_228' title='bbox 636 2245 697 2282; x_wconf 87' lang='lat' dir='ltr'><strong>eum</strong></span> <span class='ocrx_word' id='word_1_229' title='bbox 722 2228 835 2282; x_wconf 90' lang='lat' dir='ltr'><strong>delectis</strong></span> <span class='ocrx_word' id='word_1_230' title='bbox 859 2226 999 2296; x_wconf 87' lang='lat' dir='ltr'><strong>equitibus</strong></span> 
     </span>
     <span class='ocr_line' id='line_1_30' title="bbox 148 2303 999 2374; baseline -0.002 -16"><span class='ocrx_word' id='word_1_231' title='bbox 148 2309 230 2358; x_wconf 86' lang='lat' dir='ltr'><strong>noctu</strong></span> <span class='ocrx_word' id='word_1_232' title='bbox 248 2306 346 2374; x_wconf 87' lang='lat' dir='ltr'><strong>pergit,</strong></span> <span class='ocrx_word' id='word_1_233' title='bbox 367 2308 396 2358; x_wconf 91' lang='lat' dir='ltr'><strong>et</strong></span> <span class='ocrx_word' id='word_1_234' title='bbox 413 2304 472 2372; x_wconf 91' lang='lat' dir='ltr'><strong>jam</strong></span> <span class='ocrx_word' id='word_1_235' title='bbox 494 2304 700 2372; x_wconf 87' lang='lat' dir='ltr'><strong>egredientibus</strong></span> <span class='ocrx_word' id='word_1_236' title='bbox 725 2304 852 2358; x_wconf 85' lang='lat' dir='ltr'><strong>Romanis</strong></span> <span class='ocrx_word' id='word_1_237' title='bbox 872 2303 900 2356; x_wconf 92' lang='lat' dir='ltr'><strong>in</strong></span> <span class='ocrx_word' id='word_1_238' title='bbox 919 2306 999 2371; x_wconf 87' lang='lat' dir='ltr'><strong>porta</strong></span> 
     </span>
     <span class='ocr_line' id='line_1_31' title="bbox 126 2378 998 2536; baseline -0.003 -28"><span class='ocrx_word' id='word_1_239' title='bbox 126 2529 130 2536; x_wconf 33' lang='grc'>,</span> <span class='ocrx_word' id='word_1_240' title='bbox 148 2397 267 2509; x_wconf 63' lang='lat' dir='ltr'><strong>trid</strong></span> <span class='ocrx_word' id='word_1_241' title='bbox 278 2379 645 2523; x_wconf 54' lang='lat' dir='ltr'><strong>lthltlnbtlt?</strong></span> <span class='ocrx_word' id='word_1_242' title='bbox 653 2378 998 2522; x_wconf 58' lang='lat' dir='ltr'><strong>filtnll⁸1l2tlirll</strong></span> 
     </span>
     <span class='ocr_line' id='line_1_32' title="bbox 148 2529 998 2600; baseline -0.002 -17"><span class='ocrx_word' id='word_1_243' title='bbox 148 2530 274 2584; x_wconf 88' lang='lat' dir='ltr'><strong>facinoris</strong></span> <span class='ocrx_word' id='word_1_244' title='bbox 286 2547 378 2585; x_wconf 89' lang='lat' dir='ltr'><strong>casum</strong></span> <span class='ocrx_word' id='word_1_245' title='bbox 388 2530 471 2595; x_wconf 82' lang='lat' dir='ltr'><strong>dare3</strong></span> <span class='ocrx_word' id='word_1_246' title='bbox 483 2530 506 2582; x_wconf 91' lang='lat' dir='ltr'><strong>si</strong></span> <span class='ocrx_word' id='word_1_247' title='bbox 516 2529 546 2581; x_wconf 92' lang='lat' dir='ltr'><strong>id</strong></span> <span class='ocrx_word' id='word_1_248' title='bbox 554 2531 678 2592; x_wconf 86' lang='lat' dir='ltr'><strong>fecerint,</strong></span> <span class='ocrx_word' id='word_1_249' title='bbox 687 2535 784 2600; x_wconf 88' lang='lat' dir='ltr'><strong>postea</strong></span> <span class='ocrx_word' id='word_1_250' title='bbox 796 2546 855 2583; x_wconf 89' lang='lat' dir='ltr'><strong>sese</strong></span> <span class='ocrx_word' id='word_1_251' title='bbox 867 2529 894 2581; x_wconf 92' lang='lat' dir='ltr'><strong>in</strong></span> <span class='ocrx_word' id='word_1_252' title='bbox 906 2545 998 2596; x_wconf 86' lang='lat' dir='ltr'><strong>regno,</strong></span> 
     </span>
     <span class='ocr_line' id='line_1_33' title="bbox 148 2605 998 2660; baseline -0.004 0"><span class='ocrx_word' id='word_1_253' title='bbox 148 2606 209 2660; x_wconf 88' lang='lat' dir='ltr'><strong>illos</strong></span> <span class='ocrx_word' id='word_1_254' title='bbox 227 2607 255 2660; x_wconf 90' lang='lat' dir='ltr'><strong>in</strong></span> <span class='ocrx_word' id='word_1_255' title='bbox 274 2607 401 2660; x_wconf 84' lang='lat' dir='ltr'><strong>libertate</strong></span> <span class='ocrx_word' id='word_1_256' title='bbox 427 2606 485 2659; x_wconf 91' lang='lat' dir='ltr'><strong>sine</strong></span> <span class='ocrx_word' id='word_1_257' title='bbox 509 2608 586 2659; x_wconf 87' lang='lat' dir='ltr'><strong>metu</strong></span> <span class='ocrx_word' id='word_1_258' title='bbox 609 2609 729 2659; x_wconf 84' lang='lat' dir='ltr'><strong>aetatem</strong></span> <span class='ocrx_word' id='word_1_259' title='bbox 753 2611 869 2660; x_wconf 83' lang='lat' dir='ltr'><strong>acturos.</strong></span> <span class='ocrx_word' id='word_1_260' title='bbox 906 2606 949 2658; x_wconf 86' lang='lat' dir='ltr'><strong>Ac</strong></span> <span class='ocrx_word' id='word_1_261' title='bbox 970 2605 998 2657; x_wconf 92' lang='lat' dir='ltr'><strong>ni</strong></span> 
     </span>
     <span class='ocr_line' id='line_1_34' title="bbox 149 2681 999 2751; baseline -0.001 -17"><span class='ocrx_word' id='word_1_262' title='bbox 149 2682 253 2735; x_wconf 88' lang='lat' dir='ltr'><strong>Marius</strong></span> <span class='ocrx_word' id='word_1_263' title='bbox 274 2683 351 2751; x_wconf 86' lang='lat' dir='ltr'><strong>signa</strong></span> <span class='ocrx_word' id='word_1_264' title='bbox 373 2682 476 2735; x_wconf 85' lang='lat' dir='ltr'><strong>inferre</strong></span> <span class='ocrx_word' id='word_1_265' title='bbox 499 2685 584 2749; x_wconf 89' lang='lat' dir='ltr'><strong>atque</strong></span> <span class='ocrx_word' id='word_1_266' title='bbox 607 2681 724 2734; x_wconf 88' lang='lat' dir='ltr'><strong>evadere</strong></span> <span class='ocrx_word' id='word_1_267' title='bbox 748 2681 849 2751; x_wconf 90' lang='lat' dir='ltr'><strong>oppido</strong></span> <span class='ocrx_word' id='word_1_268' title='bbox 870 2697 999 2749; x_wconf 87' lang='lat' dir='ltr'><strong>propera·</strong></span> 
     </span>
     <span class='ocr_line' id='line_1_35' title="bbox 148 2756 998 2827; baseline -0.002 -16"><span class='ocrx_word' id='word_1_269' title='bbox 148 2759 239 2824; x_wconf 86' lang='lat' dir='ltr'><strong>visset,</strong></span> <span class='ocrx_word' id='word_1_270' title='bbox 252 2759 374 2827; x_wconf 85' lang='lat' dir='ltr'><strong>proiecto</strong></span> <span class='ocrx_word' id='word_1_271' title='bbox 388 2757 479 2812; x_wconf 86' lang='lat' dir='ltr'><strong>cuncti</strong></span> <span class='ocrx_word' id='word_1_272' title='bbox 491 2760 539 2809; x_wconf 88' lang='lat' dir='ltr'><strong>aut</strong></span> <span class='ocrx_word' id='word_1_273' title='bbox 551 2774 650 2824; x_wconf 85' lang='lat' dir='ltr'><strong>magna</strong></span> <span class='ocrx_word' id='word_1_274' title='bbox 662 2773 726 2826; x_wconf 89' lang='lat' dir='ltr'><strong>pars</strong></span> <span class='ocrx_word' id='word_1_275' title='bbox 738 2757 902 2810; x_wconf 80' lang='lat' dir='ltr'><strong>Siccensium</strong></span> <span class='ocrx_word' id='word_1_276' title='bbox 915 2756 998 2809; x_wconf 85' lang='lat' dir='ltr'><strong>fidem</strong></span> 
     </span>
     <span class='ocr_line' id='line_1_36' title="bbox 148 2831 998 2902; baseline -0.004 -15"><span class='ocrx_word' id='word_1_277' title='bbox 148 2834 342 2898; x_wconf 82' lang='lat' dir='ltr'><strong>mutavissent3</strong></span> <span class='ocrx_word' id='word_1_278' title='bbox 354 2838 433 2887; x_wconf 79' lang='lat' dir='ltr'><strong>tanta</strong></span> <span class='ocrx_word' id='word_1_279' title='bbox 444 2832 598 2886; x_wconf 84' lang='lat' dir='ltr'><strong>mobilitate</strong></span> <span class='ocrx_word' id='word_1_280' title='bbox 611 2850 670 2886; x_wconf 88' lang='lat' dir='ltr'><strong>sese</strong></span> <span class='ocrx_word' id='word_1_281' title='bbox 680 2832 816 2886; x_wconf 85' lang='lat' dir='ltr'><strong>Numidae</strong></span> <span class='ocrx_word' id='word_1_282' title='bbox 825 2836 917 2902; x_wconf 86' lang='lat' dir='ltr'><strong>agunt.</strong></span> <span class='ocrx_word' id='word_1_283' title='bbox 943 2831 998 2885; x_wconf 86' lang='lat' dir='ltr'><strong>Sed</strong></span> 
     </span>
     <span class='ocr_line' id='line_1_37' title="bbox 149 2907 998 2979; baseline 0.001 -19"><span class='ocrx_word' id='word_1_284' title='bbox 149 2909 249 2963; x_wconf 84' lang='lat' dir='ltr'><strong>milites</strong></span> <span class='ocrx_word' id='word_1_285' title='bbox 268 2909 427 2978; x_wconf 59' lang='lat' dir='ltr'><strong>,Iugurthini</strong></span> <span class='ocrx_word' id='word_1_286' title='bbox 447 2909 586 2979; x_wconf 87' lang='lat' dir='ltr'><strong>paulisper</strong></span> <span class='ocrx_word' id='word_1_287' title='bbox 606 2907 641 2962; x_wconf 88' lang='lat' dir='ltr'><strong>ab</strong></span> <span class='ocrx_word' id='word_1_288' title='bbox 659 2925 725 2976; x_wconf 86' lang='lat' dir='ltr'><strong>rege</strong></span> <span class='ocrx_word' id='word_1_289' title='bbox 744 2909 899 2974; x_wconf 86' lang='lat' dir='ltr'><strong>sustentati,</strong></span> <span class='ocrx_word' id='word_1_290' title='bbox 924 2913 998 2976; x_wconf 87' lang='lat' dir='ltr'><strong>post-</strong></span> 
     </span>
     <span class='ocr_line' id='line_1_38' title="bbox 149 2984 999 3111; baseline -0.002 -74"><span class='ocrx_word' id='word_1_291' title='bbox 149 2985 349 3111; x_wconf 70' lang='lat' dir='ltr'><strong>quamdmajorc</strong></span> <span class='ocrx_word' id='word_1_292' title='bbox 365 2985 391 3038; x_wconf 83' lang='lat' dir='ltr'><strong>ri</strong></span> <span class='ocrx_word' id='word_1_293' title='bbox 407 2985 501 3039; x_wconf 86' lang='lat' dir='ltr'><strong>hostes</strong></span> <span class='ocrx_word' id='word_1_294' title='bbox 516 2988 642 3052; x_wconf 89' lang='lat' dir='ltr'><strong>urguent,</strong></span> <span class='ocrx_word' id='word_1_295' title='bbox 657 2985 751 3053; x_wconf 83' lang='lat' dir='ltr'><strong>paucis</strong></span> <span class='ocrx_word' id='word_1_296' title='bbox 767 2984 873 3039; x_wconf 87' lang='lat' dir='ltr'><strong>amissis</strong></span> <span class='ocrx_word' id='word_1_297' title='bbox 890 2984 999 3053; x_wconf 81' lang='lat' dir='ltr'><strong>profugi</strong></span> 
     </span>
     <span class='ocr_line' id='line_1_39' title="bbox 170 3060 303 3114; baseline 0.023 -3"><span class='ocrx_word' id='word_1_298' title='bbox 170 3060 225 3111; x_wconf 85' lang='lat' dir='ltr'><strong>iace</strong></span> <span class='ocrx_word' id='word_1_299' title='bbox 245 3064 303 3114; x_wconf 88' lang='lat' dir='ltr'><strong>unt.</strong></span> 
     </span>
     <span class='ocr_line' id='line_1_40' title="bbox 201 3135 998 3205; baseline 0.005 -20"><span class='ocrx_word' id='word_1_300' title='bbox 201 3137 241 3191; x_wconf 77' lang='lat'><strong>57.</strong></span> <span class='ocrx_word' id='word_1_301' title='bbox 279 3135 385 3189; x_wconf 89' lang='lat' dir='ltr'><strong>Marius</strong></span> <span class='ocrx_word' id='word_1_302' title='bbox 403 3137 439 3190; x_wconf 86' lang='lat' dir='ltr'><strong>ad</strong></span> <span class='ocrx_word' id='word_1_303' title='bbox 460 3138 569 3190; x_wconf 86' lang='lat' dir='ltr'><strong>Zamam</strong></span> <span class='ocrx_word' id='word_1_304' title='bbox 588 3137 720 3205; x_wconf 81' lang='lat' dir='ltr'><strong>pervenit.</strong></span> <span class='ocrx_word' id='word_1_305' title='bbox 757 3136 793 3190; x_wconf 91' lang='lat' dir='ltr'><strong>ld</strong></span> <span class='ocrx_word' id='word_1_306' title='bbox 812 3136 952 3205; x_wconf 78' lang='lat' dir='ltr'><strong>oppidum,</strong></span> <span class='ocrx_word' id='word_1_307' title='bbox 970 3137 998 3189; x_wconf 90' lang='lat' dir='ltr'><strong>in</strong></span> 
     </span>
    </p>
   </div>
   <div class='ocr_carea' id='block_1_3' title="bbox 0 0 1142 3425">
    <p class='ocr_par' dir='ltr' id='par_1_3' title="bbox 0 0 1142 3425">
     <span class='ocr_line' id='line_1_41' title="bbox 0 0 1142 3425; baseline 0 0"><span class='ocrx_word' id='word_1_308' title='bbox 0 0 1142 3425; x_wconf 95' lang='lat' dir='ltr'><strong> </strong></span> 
     </span>
    </p>
   </div>
  </div>
 </body>
</html>
