2275 3425
487 107 672 157 CATILINA.
882 148 885 152 .
974 118 1004 163 33

154 186 248 240 cordia
265 187 354 241 clarus
372 187 476 243 factus:
506 189 569 242 huic
590 190 722 244 severitas
745 191 909 259 dignitatem
928 193 1004 247 addi-

155 263 241 317 derat.
288 264 389 318 Caesar
410 264 509 333 dando,
530 265 707 334 sublevando,
726 268 905 336 ignoscendo:
932 269 1004 323 Cato

153 340 221 393 nihil
238 340 381 408 largiundo
397 341 511 409 gloriam
529 341 648 412 adeptus
664 348 713 397 est.
750 345 784 398 In
798 345 886 398 altero
897 347 1004 400 miseris

153 416 309 485 perfugium
321 420 388 484 erat,
398 419 427 470 in
438 418 526 472 altero
537 419 617 472 malis
628 421 763 489 pernicies
771 425 787 487 ;'
795 422 867 475 illius
879 422 1003 484 facilitas,

153 493 235 563 hujus
253 494 407 547 constantia
424 493 594 549 laudabatur.
631 497 774 550 Postremo
791 498 891 551 Caesar
907 498 936 551 in
947 498 1004 552 ani-

153 586 228 624 mum
246 569 392 623 induxerat
411 570 543 641 laborare,
565 572 694 640 vigilare;
717 574 834 641 negotiis
855 574 1003 628 amicorum

153 646 275 700 intentus
287 662 343 699 sua
358 647 509 715 neglegere,
525 647 593 700 nihil
608 648 744 717 denegare
762 648 837 717 quod
856 649 928 703 dono
944 649 1002 718 dig-

152 739 218 776 num
234 726 307 776 esset
316 744 323 789 ;
341 722 392 775 sibi
408 739 537 791 magnum
553 724 705 793 imperium,
725 725 884 791 exercitum,
901 742 1002 778 norum

141 798 255 853 <bellum
277 799 434 868 exoptabat,
458 800 506 853 ubi
529 800 618 854 virtus
641 801 791 856 enitescere
813 805 914 869 posset.
961 802 1002 854 At

153 875 251 929 Catoni
268 875 388 929 studium
400 876 560 945 modestiae,
575 877 687 945 decoris,
700 876 750 931 sed
763 893 891 931 maxume
902 877 1000 931 severi-

152 952 219 1005 tatis
230 955 298 1006 erat.
341 953 367 1005 N
369 969 403 1005 on
416 953 519 1007 divitiis
531 970 592 1006 cum
606 953 699 1022 divite,
711 970 800 1021 neque
811 952 928 1007 factione
940 969 1002 1006 cum

151 1028 272 1095 factioso,
285 1028 335 1081 sed
347 1045 409 1082 eum
426 1032 538 1084 strenuo
549 1030 661 1097 virtute,
676 1045 737 1083 cum
751 1029 876 1083 modesto
887 1029 1001 1098 pudore,

151 1120 213 1157 cum
231 1105 376 1158 innocente
396 1105 564 1159 abstinentia
583 1104 722 1170 ccrtabat;
739 1121 897 1171 essequam
914 1105 1001 1158 videri

153 1181 241 1235 bonus
253 1180 373 1234 malebat
385 1202 390 1246 ;
407 1182 446 1234 ita
457 1197 511 1250 quo
522 1181 613 1234 minus
624 1179 738 1249 petebat
749 1180 871 1247 gloriam,
881 1196 913 1233 eo
924 1180 1001 1232 illum

151 1257 238 1325 magis
251 1256 444 1324 sequebantur.
552 1304 555 1315 ‚

203 1338 244 1388 55.
280 1332 439 1401 Postquam,
458 1335 490 1386 ut
510 1331 574 1396 dixi,
593 1333 705 1384 senatus
719 1331 748 1384 in
764 1330 876 1384 Catonis
894 1333 1002 1384 senten-

150 1410 219 1462 tiam
231 1407 362 1473 diaeessit,
377 1407 470 1461 consul
486 1409 629 1476 optumum
638 1407 712 1459 factu
727 1411 804 1459 ratus
816 1409 923 1460 noctem
931 1422 1001 1474 quae

150 1483 272 1538 instabat
284 1487 452 1552 antecapere,
463 1499 498 1536 ne
511 1482 578 1550 quid
590 1498 622 1535 eo
634 1483 723 1550 spatio
737 1484 891 1548 novaretur,
907 1481 1001 1535 trium-

151 1560 223 1613 viros
242 1574 313 1628 quae
334 1558 495 1627 supplicium
516 1557 673 1625 postulabat
696 1573 794 1626 parare
813 1557 913 1624 jubet;
940 1557 1001 1626 ipse

79 1673 86 1678 .
151 1634 295 1703 praesidiis
318 1633 456 1702 dispositis
483 1633 629 1686 Lentulum
651 1633 680 1685 in
709 1648 847 1687 carcerem
870 1632 1000 1697 deducit;
1036 1669 1040 1674 -

151 1710 225 1764 idem
245 1709 278 1764 lit
297 1710 396 1764 ceteris
416 1726 467 1779 per
484 1712 637 1778 praetores'
670 1709 721 1763 Est
738 1708 767 1763 iu
787 1725 896 1764 carcere
917 1708 1000 1775 locus,

151 1787 226 1854 quod
238 1786 391 1840 Tullianum
402 1785 563 1855 appellatur,
578 1783 626 1838 ubi
641 1785 780 1854 paululum
797 1784 952 1838 ascenderis
964 1785 1000 1838 ad

84 1922 89 1934 ι
151 1862 263 1931 laevam,
275 1862 384 1916 circiter
398 1860 541 1915 duodecim
555 1860 643 1930 pedes
654 1861 730 1914 humi
742 1861 894 1929 depressus.
930 1860 999 1913 Eum

150 1939 276 1991 muniunt
294 1937 415 2005 undique
435 1937 553 2003 parietes
575 1939 659 2003 atquc
679 1937 789 2004 insuper
808 1953 916 1990 camera
933 1937 999 2005 lapi-

151 2015 210 2068 deis
221 2013 370 2068 fornicibus
381 2013 478 2076 vincta,
490 2013 540 2065 sed
555 2012 665 2076 inculta,
678 2012 806 2081 tenebris,
823 2012 907 2067 odore
919 2013 1000 2067 foeda

149 2093 234 2159 atque
245 2088 375 2143 terribilis
387 2089 447 2156 ejus
458 2089 539 2142 facies
548 2090 598 2142 cst
634 2087 668 2141 ln
681 2105 743 2142 eum
755 2089 843 2142 locum
854 2091 997 2176 postquam

58 2172 60 2180 “
150 2166 285 2219 demissus
300 2168 343 2218 est
360 2164 500 2230 Lentulus,
512 2163 634 2217 vindices
650 2181 743 2218 rerum
759 2164 923 2232 capitalium,
941 2167 999 2233 qui-

149 2240 200 2295 bus
219 2243 397 2310 praeceptum
418 2243 486 2307 erat,
505 2239 603 2306 laqueo
621 2240 714 2308 gulam
733 2240 848 2328 fregere
885 2241 932 2294 Ita
953 2241 999 2294 ille

149 2316 281 2405 patricius
290 2332 324 2369 ex
334 2314 492 2368 clarissuma
503 2318 587 2382 gente
595 2314 782 2369 Corneliorum
784 2333 846 2385 ,qur
838 2308 998 2369 consulare

149 2392 293 2460 imperium
311 2391 415 2451 Itomae
434 2390 576 2458 habuerat,
595 2390 708 2458 dignum
727 2392 848 2445 moribus
864 2392 928 2444 fact
908 2395 998 2459 trsquc

149 2469 204 2521 suis
223 2467 338 2527 exitium
357 2467 431 2520 vitae
451 2466 563 2519 invenit.
600 2467 641 2520 De
663 2467 792 2536 Cethego,
809 2469 841 2522 st
842 2468 924 2534 atilio,
945 2468 997 2520 Ga-

149 2543 230 2610 binio,
244 2543 376 2612 Caepario
388 2542 484 2596 eodem
496 2542 578 2596 modo
591 2542 752 2612 supplicium
765 2545 904 2612 sumptum
915 2545 965 2596 est.

201 2626 241 2673 56.
286 2618 359 2671 Dum
381 2634 414 2671 ea
435 2617 538 2671 Romae
561 2622 702 2686 geruntur,
729 2618 844 2672 Catilina
868 2616 997 2671 exomni

149 2696 232 2763 copia,
254 2711 336 2764 quam
357 2696 387 2747 et
407 2693 466 2762 ipse
488 2694 645 2748 adduxerat
665 2697 694 2748 et
715 2694 834 2747 Manlius
855 2692 996 2753 habuerat,

149 2771 217 2824 duas
236 2770 356 2839 legiones
379 2769 506 2834 instituit,
530 2769 648 2823 cohortis
672 2786 723 2837 pro
743 2784 855 2823 numero
879 2767 996 2820 militum

149 2847 282 2915 complet,
299 2845 406 2911 deinde,
422 2846 464 2898 uti
481 2845 597 2913 quisque
609 2844 703 2898 volunt
705 2845 778 2897 arius
796 2846 844 2895 aut
863 2858 898 2894 ex
918 2842 997 2904 sociis

148 2922 176 2975 in
188 2924 400 2975 castravenerat
401 2920 569 2988 ,aequaliter
581 2920 767 2982 distribuerat,
776 2935 807 2971 ac
819 2916 896 2970 brevi
908 2933 958 2984 spa
959 2916 996 2968 tio

148 2996 270 3064 legiones
285 3012 399 3049 numero
414 2995 553 3048 hominum
573 2995 738 3064 expleverat,
752 3008 836 3060 quum
851 2990 931 3043 initio
942 3006 996 3041 non

148 3072 265 3142 amplius
281 3071 389 3126 duobus
404 3070 513 3124 milibus
527 3070 673 3124 habuisset
709 3066 764 3120 Sed
780 3082 814 3118 ex
830 3064 903 3115 omni
920 3062 996 3129 copia

65 3217 68 3222 ¹
148 3147 258 3203 circiter
275 3165 340 3218 pars
359 3149 459 3216 quarta
477 3149 537 3201 erat
555 3145 717 3199 militaribus
740 3139 822 3193 armis
845 3137 996 3200 instrueta;
