2275 3425
407 143 409 154 ι
491 110 677 162 CATILINA.
977 117 1008 164 21

157 207 234 248 mum
246 194 280 249 D.
291 193 372 248 Bruti
383 193 518 263 perducit,
531 193 606 263 quod
614 192 674 246 foro
682 192 836 262 propinqua
847 196 908 247 erat
920 210 1010 263 neque

156 269 248 323 aliena
259 269 353 324 consili
364 274 447 340 propt
448 287 478 323 er
491 268 694 337 Semproniam
711 285 775 322 nam
786 273 847 323 tum
859 268 963 324 Brutus
975 271 1010 324 ab

153 344 248 399 vRoma
259 348 363 400 aberat
400 345 548 399 Praeterea
561 343 708 398 Gabinium
724 345 838 399 arcessit
851 362 905 421 quo
922 346 1011 415 major
1036 349 1039 354 ’

155 421 308 475 auctoritas
321 437 439 476 sermom
431 421 560 474 inesset
585 420 626 472 Ito
638 424 791 488 praesente
795 415 1010 507 conjurationem

158 498 257 585 aperit,
265 498 387 551 nominat
404 497 489 550 socios
490 498 654 583 ‚practerea
666 496 815 549 multosu
781 496 1009 569 qrjusquegene

158 573 197 626 ris
214 573 412 641 innoxiosque
429 572 529 640 legatis
547 561 652 625 animus
671 561 787 641 amplior
802 573 892 638 esset3
909 573 1011 629 deinde

157 664 205 703 eos
216 648 351 717 pollicitos
364 665 474 717 operam
487 665 564 702 suam
576 646 711 717 [domum]
723 647 848 703 dimittit

209 731 250 778 41.
281 724 337 778 Sed
347 725 513 792 Allobroges
525 724 591 777 diu
583 740 613 776 ιιι
624 724 728 777 incerto
739 723 867 799 habuere,
880 726 1010 794 quidnam

157 800 252 855 consili
263 801 401 869 caperent.
439 801 473 853 In
485 800 574 853 alteru
584 804 664 867 parte
679 803 740 852 erat
752 816 798 853 aes
814 795 939 870 alienum,
953 805 1010 856 stu-

155 876 233 929 dium
245 876 317 945 belli,
332 891 431 945 magna
442 892 548 930 merces
562 875 591 927 in
607 892 656 943 spe
671 876 816 941 victoriae,
834 880 864 930 at
878 877 907 930 in
923 878 1011 932 altera

157 951 276 1020 majores
293 969 368 1022 opes,
379 956 442 1006 tuta
458 951 579 1017 consilia,
591 967 642 1019 pro
657 950 764 1005 ineerta
778 967 827 1020 spe
841 956 919 1007 certa
931 970 1010 1022 prae

153 1028 218 1081 mia.
255 1028 332 1081 Haec
351 1019 404 1082 illis
422 1027 595 1092 volventibus
612 1027 725 1081 tandem
747 1029 829 1081 vicit
836 1028 947 1083 fortuna
970 1031 1010 1084 rei

149 1104 288 1173 publicae
325 1104 473 1173 ItaqueQ.
486 1102 573 1157 Fabio
591 1102 704 1170 Sangae,
717 1101 797 1171 cujus
811 1106 1010 1183 patrocinioei-

155 1180 226 1233 ιιιιι
243 1180 389 1248 plurimum
406 1179 545 1244 utebatur,
565 1194 624 1232 rem
642 1195 751 1232 omnem
758 1177 809 1232 uti
827 1186 1010 1247 cognoverant

155 1256 291 1324 aperiunt.
328 1256 425 1311 Cicero
442 1271 493 1323 per
514 1254 643 1324 Sangam
652 1254 764 1307 consilio
784 1256 893 1322 cognito
911 1256 1009 1345 legatis

155 1330 305 1399 praecepit,
323 1335 355 1384 ut
373 1329 495 1384 studium
512 1327 709 1397 conjurationis
726 1329 903 1384 vehementer
927 1333 1009 1386 simu-

155 1405 222 1474 lent,
234 1409 341 1460 ceteros
353 1405 461 1483 adeam,
473 1405 545 1458 bene
557 1403 746 1473 polliceantur,
761 1405 1008 1476 dentqueoperam
1062 1460 1067 1467 ,

155 1484 189 1533 ut
201 1497 247 1535 eos
260 1497 343 1548 quam
354 1496 482 1533 maxume
491 1480 650 1533 manifestos
661 1479 789 1534 habeant
841 1491 843 1494 ·

207 1562 248 1610 42
286 1556 379 1610 Isdem
390 1557 449 1609 fere
461 1554 652 1624 temporibus
644 1572 673 1608 m
686 1555 774 1610 Gallia
786 1557 914 1611 citeriore
923 1559 1009 1626 atquo

155 1630 295 1698 ulteriore,
313 1631 406 1685 item
398 1649 426 1684 ιιι
444 1647 510 1700 agro
529 1630 637 1697 Piceno,
655 1629 773 1699 Bruttio,
791 1633 899 1701 Apulia,
915 1636 1008 1687 motus

155 1710 223 1773 erat.
259 1708 385 1776 Namque
401 1707 439 1762 illi
440 1724 529 1777 ,quos
540 1709 671 1762 antet
619 1706 671 1762 Cat
671 1706 736 1762 ilina
751 1707 926 1778 dimiserat,
917 1727 1008 1764 mcou-

156 1784 229 1837 sulte
247 1799 279 1837 ac
296 1783 381 1837 veluti
401 1799 452 1852 per
469 1783 636 1853 dementiam
654 1787 752 1838 cuncta
770 1785 850 1841 simul
873 1785 1009 1854 agebant3

155 1860 293 1914 nootmnis
302 1858 426 1928 consiliis,
434 1876 572 1913 armorum
581 1863 665 1929 atque
671 1860 789 1914 telorum
799 1862 1006 1933 putationibus,

154 1935 209 1988 fest
197 1935 318 2004 tinando,
336 1936 573 2004 agitandoomma
589 1936 651 2004 plus
668 1936 774 1991 timoris
792 1953 874 2006 quam
891 1938 1008 2006 periculi

154 2011 308 2066 effecerant.
344 2013 386 2065 Ex
403 2029 435 2066 eo
448 2029 561 2066 numero
574 2013 720 2082 compluris
733 2013 763 2077 Q.
778 2013 908 2067 Metellus
925 2014 1006 2069 Celer

153 2090 265 2155 praetor
288 2103 323 2140 ex
342 2089 432 2142 senati
455 2087 581 2142 consulto
605 2104 701 2141 caussa
724 2088 832 2155 cognita
850 2089 879 2141 in
897 2090 1006 2144 vincula

153 2162 323 2231 conjecerat3
343 2164 411 2217 item
428 2163 456 2216 in
471 2164 598 2218 citeriore
619 2163 707 2218 Gallia
727 2163 894 2232 dirimens,
913 2166 961 2236 qui
980 2167 1004 2219 ei

153 2240 308 2307 provinciae
319 2240 426 2307 legatus
435 2242 570 2308 praeerat.

205 2320 247 2369 43.
284 2316 324 2369 At
341 2315 445 2368 Romae
459 2315 592 2369 Lentulus
607 2331 670 2370 cum
686 2316 792 2384 ceteris,
808 2316 856 2386 qui
868 2317 1005 2406 principes

153 2390 347 2459 conjurationis
357 2394 438 2445 erant
438 2391 559 2460 ,paratis
571 2395 604 2445 ut
616 2391 781 2446 videbantur
792 2393 899 2460 magnis
910 2393 1004 2463 copiis,

152 2465 254 2520 constit
254 2470 360 2534 nerant,
371 2467 422 2535 uti,
433 2484 517 2543 quum
535 2467 698 2522 Catilinam
710 2484 805 2535 agrum
822 2468 1003 2522 Faesulanum

152 2559 215 2595 cum
238 2543 362 2596 exercitu
380 2487 507 2611 veniqsset,
527 2542 558 2596 L
577 2543 673 2596 Bestia
692 2537 820 2598 tribunus
836 2543 925 2612 plebis
942 2562 1003 2598 con-

152 2617 227 2671 tione
238 2617 334 2671 habita
342 2622 505 2687 quereretur
517 2619 551 2672 de
564 2623 609 2672 act
597 2617 717 2672 tionibus
727 2619 865 2673 Ciceronis
864 2619 1004 2688 ,bellique

152 2693 313 2761 gravissum1
305 2693 456 2748 inuidiam
465 2697 577 2762 optumo
589 2694 694 2748 consuli
705 2694 874 2763 imponeret;
885 2711 917 2748 eo
927 2695 1004 2762 signo

151 2785 286 2838 proxuma
308 2773 389 2823 nocte
412 2773 504 2824 cetera
532 2769 682 2823 multitudo
708 2769 902 2837 conjurationis
925 2785 1003 2822 suum

153 2844 268 2914 quisque
291 2846 431 2912 negotium
456 2849 661 2915 exsequeretur.
705 2845 760 2899 Sed
783 2862 816 2898 ea
842 2844 930 2897 divisa
952 2845 1004 2897 hoc

152 2920 234 2974 modo
249 2919 424 2975 dicebantur·
442 2921 568 2975 Statilius
584 2924 614 2974 et
627 2919 758 2974 Gabinius
772 2918 815 2972 uti
829 2935 890 2971 cum
905 2934 1003 2984 magna

152 3011 234 3049 mauu
243 2996 387 3050 duodecim
400 2995 479 3050 simul
492 2999 646 3065 opportuna
657 2994 716 3047 loca
727 2993 803 3047 urbis
815 2990 1001 3057 incenderent,

153 3088 208 3140 quo
233 3071 354 3126 tumultu
376 3072 480 3126 facilior
504 3071 596 3125 aditus
619 3069 656 3122 ad
680 3068 816 3122 consulem
840 3070 1002 3131 ceterosque

153 3147 254 3217 quibus
271 3148 386 3203 insidiae
403 3147 572 3226 parabantur
588 3145 684 3207 fieret3
708 3141 847 3207 Cethegus
862 3137 1003 3192 Ciceronis
