2275 3425
99 131 108 149 ⁸
138 141 169 186 es
382 137 409 183 c,
430 116 604 184 sannusrr
621 132 738 180 censer

137 222 196 273 tum
214 216 266 270 sibi
283 215 439 281 traderent3
456 217 578 268 ceterum
595 212 684 282 palam
702 227 773 280 quae
792 227 826 265 ex
843 210 994 265 voluntate·

135 295 225 348 forent
242 293 301 361 regi
319 293 440 347 nuntiari
453 291 542 359 jubet.
578 288 685 343 Deinde
700 288 760 356 ipse
778 288 869 356 paucis
887 287 984 341 diebus

135 371 241 424 intento
260 373 344 437 atque
363 369 461 422 infesto
480 366 602 421 exercitu
625 365 652 417 in
672 364 829 417 Numidiam
851 363 984 431 procedit,

135 446 184 499 ubi
201 448 296 498 contra
311 444 374 498 belli
389 444 485 497 facicm
503 443 613 511 tuguria
630 440 868 510 plenahominum,
886 456 985 508 pecora

135 521 308 588 cultoresque
331 521 358 573 in
383 520 455 588 agris
479 524 576 583 erant;
598 533 633 569 ex
653 516 760 585 oppidis
783 519 813 568 et
834 515 984 582 mapa-libus

136 598 267 666 praefecti
291 596 363 663 regis
391 594 462 648 obvii
486 594 679 664 procedebant,
702 592 791 660 parati
817 591 984 644 frumentum

90 710 94 717 ·
137 673 212 740 dare,
223 674 404 726 commeatum
421 675 541 739 portare,
556 673 694 737 postremo
710 668 800 721 omnia
817 683 885 736 quae
901 666 986 734 impe-

136 751 262 802 narentur
285 748 382 801 facere.
418 748 516 815 Neque
540 745 669 799 Metellus
689 744 791 798 idcirco
815 744 908 808 minus
935 743 985 798 sed

135 825 239 892 pariter
256 840 288 877 ac
304 824 327 877 si
344 824 438 878 hostes
453 823 589 889 adessent,
607 821 711 874 munito
726 820 836 887 agmine
849 819 983 886 incedere,

136 900 191 953 late
204 899 346 969 explorare
363 901 460 966 omnia,
477 898 523 951 illa
537 896 685 951 deditionis
700 896 777 963 signa
792 896 911 948 ostentui
928 912 985 949 cre-
1029 924 1033 930 ·

136 975 204 1029 dere
221 980 250 1029 et
264 976 368 1029 insidiis
382 975 470 1029 locum
489 977 633 1042 temptare.
669 972 768 1041 Itaque
784 973 843 1041 ipse
859 987 921 1024 cum
937 989 986 1025 ex-

135 1051 239 1119 peditis
261 1050 425 1119 cohortibus,
450 1052 517 1103 item
540 1049 710 1103 funditorum
734 1051 763 1101 et
782 1048 984 1115 sagittariorum

136 1127 244 1182 delecta
255 1144 337 1180 manu
352 1127 426 1195 apud
437 1126 540 1194 primos
555 1128 625 1193 erat,
640 1126 667 1177 in
680 1124 867 1193 postremoO.
880 1124 985 1177 Marids

135 1203 243 1272 legatus
254 1221 316 1258 cum
330 1203 468 1271 equitibus
483 1202 606 1269 curabat,
623 1203 651 1254 in
663 1208 810 1269 utrumque
827 1200 899 1253 latus
910 1201 985 1253 auxi-

135 1280 226 1333 liarios
237 1279 345 1348 equites
357 1279 473 1345 tribunis
485 1278 621 1346 legionum
633 1281 662 1331 et
674 1276 821 1345 praefectis
832 1275 984 1329 cohortium

137 1355 338 1424 dispertiverat,
363 1359 394 1410 ut
410 1371 470 1408 cum
491 1353 534 1407 his
555 1354 682 1422 permixti
706 1352 803 1405 velites
823 1368 984 1420 quocunque

136 1432 297 1485 accederent
320 1432 459 1500 equitatus
486 1429 548 1483 host
549 1430 605 1482 ium
626 1429 824 1498 propulsarent.
805 1428 931 1481 tNam
955 1429 984 1481 in

136 1506 276 1575 Jugrrrtha
292 1510 386 1560 tantus
400 1506 479 1559 dolus
494 1509 626 1572 tantaque
640 1505 740 1574 peritia
755 1504 875 1558 locorum
892 1508 921 1558 et
936 1505 985 1557 mi-

136 1582 178 1636 lit'
157 1587 213 1636 trae
225 1585 293 1649 erat,
306 1586 339 1636 ut
350 1582 448 1635 absens
460 1598 495 1634 an
509 1597 646 1650 praesens,
664 1597 758 1650 pacem
775 1597 809 1633 an
822 1580 923 1660 bellum
939 1596 985 1648 ge-

136 1673 200 1710 rens
211 1658 387 1726 perniciosior
400 1657 494 1712 esset
486 1673 514 1709 1n
526 1657 630 1710 incerto
642 1656 799 1722 haberetur.

188 1737 230 1791 47
267 1735 333 1789 Erat
342 1734 415 1788 haud
424 1735 504 1802 longe
516 1733 634 1787 abeoit
614 1737 702 1787 tinere
704 1750 774 1800 quo
782 1733 911 1787 Metellus
922 1751 984 1803 per-

135 1809 227 1877 gebat,
241 1811 370 1879 oppidum
383 1810 564 1864 Numidarum
577 1809 684 1863 nomine
694 1810 779 1877 Vaga,
791 1810 880 1862 iorum
892 1827 984 1864 rerum

136 1886 270 1939 venalium
286 1887 371 1940 totins
382 1886 459 1954 regni
475 1902 601 1939 maxume
617 1885 793 1953 celebratum,
806 1885 852 1939 ubi
869 1890 897 1940 et
914 1886 985 1940 inco

136 1961 192 2014 lere
205 1965 233 2015 et
249 1963 363 2016 mercari
379 1965 576 2016 consueverant
591 1961 681 2015 ltalici
696 1962 805 2029 generis
818 1961 897 2015 multi
913 1979 985 2015 mor-

70 2075 72 2078 ψ
136 2037 213 2090 tales.
251 2038 313 2091 Huc
331 2037 424 2091 consul
442 2036 522 2089 simul
540 2036 693 2105 temptandi
708 2038 806 2105 gratia,
822 2041 851 2091 et
869 2037 891 2091 si
909 2041 985 2105 pate

136 2116 232 2166 rentur
249 2113 460 2181 opportunitatis
479 2111 537 2179 loci,
559 2111 725 2179 praesidium
743 2112 888 2181 imposuit3
908 2128 985 2180 prae·

136 2192 213 2242 terea
221 2189 365 2256 imperavit
377 2188 544 2241 frumentum
556 2191 586 2241 et
595 2187 648 2241 alia
660 2205 729 2255 quae
738 2188 809 2241 hello
822 2188 882 2241 usui
894 2189 985 2244 forent

136 2269 314 2332 comportare,
334 2270 417 2330 ratus,
438 2264 467 2316 id
487 2263 562 2331 quod
582 2279 627 2316 res
646 2263 782 2332 monebat,
802 2265 983 2332 frequentiam

135 2340 335 2407 negotiatorum
348 2345 377 2393 et
388 2342 541 2392 commeatu
551 2338 711 2405 juvaturam
725 2341 876 2393 exercitum
888 2340 984 2408 etjam

136 2416 239 2484 paratis
255 2415 338 2468 rebus
353 2415 522 2468 munimento
536 2414 603 2467 fore.
639 2415 718 2468 Inter
729 2416 796 2469 haec
812 2417 920 2485 negotia
933 2418 985 2469 Ju-

135 2491 236 2559 gurtha
247 2490 396 2560 impensius
404 2491 486 2544 modo
497 2491 603 2558 legatos
615 2492 749 2559 supplices
758 2493 877 2559 mittere,
890 2509 985 2561 pacem

136 2583 222 2634 orare,
236 2570 347 2636 praeter
362 2583 437 2620 suam
449 2566 652 2634 liberorumque
669 2568 752 2621 vitam
767 2570 856 2622 omnia
871 2569 985 2622 Metello

136 2642 245 2697 dedere
282 2643 356 2707 Quos
372 2643 439 2696 item
458 2643 499 2696 uti
517 2642 623 2712 priores
639 2643 731 2696 consul
749 2644 853 2698 illectos
872 2644 908 2698 ad
925 2661 986 2713 pro

136 2719 186 2772 dit
166 2723 268 2774 tmnem
280 2720 391 2773 domum
408 2719 573 2785 dimittebat,
589 2718 753 2785 reoipacem
770 2737 851 2787 quam
867 2721 986 2789 postula-

135 2793 185 2848 bat
201 2812 291 2882 neque
309 2795 426 2848 abnuere
444 2811 532 2862 neque
550 2759 677 2862 polliceri,
696 2798 725 2848 et
741 2795 814 2849 inter
832 2812 878 2849 eas
895 2812 986 2886 moras

136 2870 269 2938 promissa
281 2871 432 2937 legatorum
445 2873 612 2936 exspectare

188 2952 230 3000 48.
267 2946 286 2998 J
288 2948 406 3014 uoartha
423 2945 470 2998 ubi
488 2944 594 2998 Metelli
613 2945 686 2998 dicta
703 2963 764 2999 cum
780 2947 861 3002 factis
877 2964 986 3017 compo-

137 3022 192 3074 suit
216 3038 247 3075 ac
272 3039 302 3075 se
329 3020 385 3075 suis
414 3021 521 3075 artibus
549 3021 679 3088 temptari
705 3022 825 3076 animum
855 3024 985 3093 advortit,

138 3097 240 3165 quippe
257 3098 300 3150 cui
314 3098 405 3151 verbis
422 3114 476 3166 pax
494 3094 679 3162 nuntiabatur,
697 3102 819 3151 ceterum
837 3099 986 3154 rebellum

138 3186 326 3238 asperrumum
340 3177 409 3241 erat,
423 3172 490 3227 urbs
504 3187 632 3226 maxuma
646 3171 770 3242 alienata,
782 3191 849 3244 ager
860 3175 986 3230 hostibus
