2275 3425
137 111 167 158 ιι
386 111 414 160 o
433 100 608 161 sarnus'rr'
623 100 741 162 oarsru

137 189 270 246 lassitudo
287 178 375 259 posse.
411 192 457 246 Ita
473 182 630 260 Vagenses
638 193 753 248 biduum
771 194 853 249 modo
871 211 905 248 ex
925 211 988 264 per-

136 266 203 320 fidia
221 267 332 332 laetati3
360 267 455 322 civitas
476 285 575 341 magua
592 274 621 342 et
638 271 751 338 opulens
769 274 866 324 cuneta
884 287 989 339 poenae

137 346 185 397 aut
204 343 336 412 praedae
342 332 402 397 fuit
438 344 583 413 Turpilius,
604 361 685 414 quem
705 348 875 415 praefectum
893 348 988 435 oppidi

136 435 221 471 unum
237 435 272 472 ex
289 418 414 489 omnibns
429 420 584 489 profugisse
603 438 685 491 supra
702 423 906 476 ostendimus
872 441 988 492 ,Jussus

137 511 154 548 a
174 494 288 548 Metello
308 510 431 548 caussam
452 495 552 562 dicere,
570 502 716 566 postquam
737 515 797 552 sese
821 516 918 567 parum
941 516 988 553 ex-

136 574 244 639 purgat,
263 570 459 625 condemnatus
475 571 691 642 verberatusque
709 574 800 643 capite
818 591 920 643 poenas
936 576 988 629 sol-

138 647 192 711 rit;
213 662 276 699 nam
287 647 311 700 is
323 646 389 699 civis
402 664 437 700 ex
449 647 528 701 Latio
541 651 607 701 erat.

190 725 230 777 70.
267 721 412 776 Paridem
428 729 537 791 tempus
552 723 695 793 Bomilcar,
708 724 788 792 cujus
802 725 921 793 impulsu
937 727 988 779 Ju-

137 797 239 865 gurtba
255 797 422 851 deditionem
439 815 520 868 quam
538 802 614 852 metu
631 799 755 854 deseruit
770 801 916 869 inceperat,
930 819 988 856 sus-

137 876 234 941 pectus
245 873 305 941 regi
318 877 347 928 et
358 875 418 943 ipse
430 892 492 928 eum
507 875 662 943 suspiciens,
678 891 762 929 novas
774 892 818 930 res
830 893 937 944 cupere,
951 879 988 931 ad

138 949 284 1038 perniciem
303 949 363 1018 ejus
381 949 472 1003 dolum
491 967 630 1018 quaerere,
649 951 694 1005 die
711 954 849 1020 noctuque
872 953 988 1020 fatigare

138 1027 271 1078 animum·
265 1025 407 1093 ,denique
423 1026 514 1079 omnia
529 1027 691 1095 temptando
707 1028 809 1081 socium
824 1027 875 1080 sibi
891 1028 988 1096 adjun-

138 1069 366 1170 gitNabdalsam,
374 1102 511 1154 hominem
520 1102 638 1156 nobilem
639 1119 759 1171 magnis
768 1104 871 1171 opibus
883 1103 987 1158 clarum

138 1182 334 1247 acceptumque
358 1176 535 1247 popularibus
561 1178 625 1246 suis,
654 1179 701 1247 qui
725 1178 886 1247 plenmrque
914 1196 987 1234 seor-

139 1271 198 1308 smn
217 1254 253 1308 ab
276 1271 342 1322 rege
365 1255 515 1308 exereitum
532 1253 648 1308 ductare
663 1257 693 1307 et
708 1254 796 1308 omnis
815 1272 859 1310 res
875 1259 987 1326 exsequi

139 1329 234 1384 solitus
255 1335 321 1396 erat,
341 1347 411 1399 quae
430 1330 586 1398 Jugurthae
609 1329 681 1383 fesso
704 1333 753 1383 aut
775 1331 975 1400 majoribusas
945 1349 988 1386 as-

139 1408 220 1460 tricto
232 1409 441 1474 superaverant3
459 1422 493 1459 ex
502 1422 556 1473 quo
568 1405 609 1458 illi
620 1405 708 1472 gloria
719 1422 839 1476 opesque
848 1406 986 1476 inventae.

141 1483 230 1611 Igitur
244 1482 387 1550 utriusque
403 1481 513 1535 consilio
528 1481 587 1535 dies
602 1481 708 1534 insidiis
724 1482 868 1547 statuitur3
886 1488 986 1553 cetera,

138 1562 180 1611 1
195 1574 239 1612 res
254 1561 385 1627 posceret,
402 1574 437 1611 ex
453 1561 579 1626 tempore
594 1558 685 1626 parari
701 1558 811 1627 placuit
846 1526 1000 1614 Nabdalsa

139 1635 174 1687 ad
186 1635 336 1687 exercitum
348 1633 492 1702 proiectus,
501 1650 583 1701 quem
594 1634 668 1686 inter
680 1633 793 1688 hiberna
803 1634 986 1706 Romanorum

134 1709 227 1779 jussus
243 1709 369 1778 habebat,
384 1726 420 1763 ne
435 1726 500 1776 ager
516 1708 609 1763 inultis
624 1708 748 1764 hostibus
758 1698 920 1765 vastaretur
956 1710 987 1766 Is

138 1791 283 1856 postquam
302 1786 489 1854 magnitudine
512 1786 639 1840 facinoris
659 1786 799 1855 perculsus
819 1787 856 1840 ad
876 1790 987 1857 tempus

139 1880 191 1916 non
212 1863 286 1916 venit
309 1865 452 1929 metusque
471 1878 529 1914 rem
548 1861 723 1930 impediebat,
744 1862 886 1929 Bomilcar,
906 1863 986 1917 simul

138 1939 253 2007 cupidus
277 1939 385 2007 incepta
413 1937 540 2005 patrandi
568 1940 597 1990 et
623 1938 722 1991 timore
745 1938 800 1991 soci
823 1940 987 2006 aminare

138 2015 237 2068 omisso
260 2018 354 2068 vetere
378 2014 489 2068 oonsilio
517 2029 616 2066 novum
640 2017 792 2082 quaereret,
819 2014 927 2068 litteras
949 2014 987 2068 ad

138 2106 200 2143 eum
212 2107 262 2160 per
274 2089 394 2143 homines
411 2089 500 2142 fidelis
516 2089 611 2156 mittit,
622 2089 650 2142 in
664 2090 724 2157 quis
740 2090 882 2143 mollitiem
899 2107 987 2144 secor-

138 2167 266 2235 diamque
277 2166 328 2218 viri
341 2182 473 2229 accusare,
489 2166 586 2219 testari
602 2165 676 2232 deos,
688 2183 739 2234 per
751 2182 818 2233 quos
829 2165 986 2233 juravisset,

137 2258 247 2295 monere
272 2258 308 2294 ne
330 2240 451 2309 praemia
475 2240 583 2294 Metelli
608 2241 636 2293 in
662 2244 768 2309 pestem
798 2245 986 2307 convorteret3

59 2377 64 2390 ,
134 2317 292 2386 ’ἆιιςιιιιιιιθ
312 2316 424 2369 exitium
449 2316 561 2382 adesse3
580 2320 702 2371 ceterum
723 2334 805 2371 suane
826 2334 861 2371 an
882 2318 986 2371 virtute

137 2393 243 2447 Metelli
256 2393 366 2464 periret,
379 2392 408 2444 id
420 2391 502 2445 modo
514 2393 613 2460 agitari
620 2412 627 2457 ;
644 2393 758 2462 proinde
770 2396 911 2461 reputaret
924 2409 985 2445 cum

135 2469 225 2523 animo
237 2484 286 2522 suo
298 2467 420 2537 praemia
432 2484 466 2521 an
478 2470 628 2522 cruoiatum
640 2468 740 2522 mallet.

188 2549 228 2601 71.
259 2543 315 2614 Sed
327 2561 411 2613 quum
430 2543 481 2597 hae
500 2543 610 2598 litterae
629 2543 735 2610 allatae,
753 2544 826 2598 forte
845 2543 987 2597 Nabdalsa

135 2622 256 2675 exercito
271 2637 384 2690 corpore
399 2620 487 2674 sessus
499 2620 526 2672 in
538 2620 610 2673 lecto
628 2618 793 2689 quiescebat,
805 2619 853 2672 ubi
869 2621 986 2687 coguitis

136 2698 295 2752 Bomilcaris
313 2696 509 2765 verbis'primo
528 2712 600 2763 cura,
623 2695 729 2763 deinde,
748 2697 782 2766 ut
801 2712 912 2762 aegrum
931 2696 987 2748 ani-

134 2792 209 2828 mum
226 2776 304 2842 solet,
322 2790 431 2827 somnus
445 2772 525 2841 cepit.
562 2772 629 2825 Erat
641 2771 666 2823 ei
678 2770 800 2823 Numida
812 2770 924 2839 quidam
939 2787 987 2823 ne-

133 2851 272 2918 gotiorum
288 2857 404 2919 curator,
422 2848 494 2901 fidus
509 2854 691 2917 acceptusque
703 2849 732 2901 et
743 2847 863 2900 omnium
881 2845 987 2900 consili-

134 2943 212 2981 orum
229 2929 282 2982 nisi
300 2928 447 2983 novissumi
464 2926 608 2996 particeps.
651 2925 703 2989 Qui
721 2929 868 2995 postquam
889 2921 987 2975 allatas

133 3003 242 3059 litteras
254 3006 366 3073 audivit,
379 3023 413 3059 ex
425 3004 623 3059 consuetudine
634 3008 711 3058 ratus
723 3020 806 3073 opera
818 2998 987 3067 antingenio

134 3096 183 3133 suo
199 3097 268 3149 opus
285 3099 352 3146 esse,
368 3082 397 3135 in
412 3080 619 3134 tabernaculum
638 3080 752 3147 introiit,
769 3080 924 3134 dormiente
940 3075 987 3129 illo

134 3155 278 3226 epistolam
291 3173 374 3226 super
386 3159 469 3226 caput
484 3156 513 3209 in
528 3156 638 3223 pulvino
651 3158 756 3210 temere
772 3157 890 3225 positam
902 3152 987 3220 sumit
