2275 3425
122 131 153 181 42
368 130 396 177 C.
413 127 589 177 SALLUSTI
606 127 724 176 ORISPI

171 217 195 265 8.
231 210 272 265 na
293 212 460 279 tempestate
483 209 511 262 in
534 209 659 262 exercitu
680 211 775 262 nostro
797 208 875 263 fuere
896 225 968 263 oom-

118 287 211 356 plures
223 285 285 339 novi
299 289 383 353 atque
394 284 508 352 nobiles,
521 284 622 355 quibus
637 284 749 338 divitiae
761 284 833 338 bono
844 284 969 338 honesto

119 379 172 430 quo
190 362 310 429 potiores
325 365 411 429 erant,
429 361 536 415 factiosi
550 361 631 422 domi,
642 359 770 428 potentes
786 361 862 430 apud
874 362 968 427 socios,

119 439 185 491 clari
202 439 289 505 magis
307 454 389 506 quam
410 438 526 504 honesti,
549 437 597 506 qui
613 437 769 504 iugurthae
790 454 845 490 non
866 437 969 490 medio-

119 531 193 567 crem
211 514 330 567 auiruum
348 513 524 582 pollicitando
542 512 738 580 accendebant,
752 513 775 566 si
791 513 908 582 Micipsa
918 530 969 566 rex

119 590 270 656 occidisset,
290 590 348 643 fore
366 589 407 643 uti
426 590 498 643 solus
515 588 630 658 irnperio
649 589 797 643 Numidiae
815 590 968 658 potiretar3

118 666 146 719 iu
164 666 225 735 ipso
242 682 397 719 maxumam
409 666 548 731 virtutem,
563 667 666 719 Romae
681 666 770 718 omnia
784 665 889 719 venalia
901 682 968 719 csse.

120 742 175 796 Sed
198 735 344 811 postquam
368 741 517 795 Numantia
540 742 633 795 deleta
657 741 687 794 P.
711 741 802 811 Scipio
827 740 969 795 dimittere

119 817 220 870 auxilia
231 819 260 871 et
274 818 333 887 ipse
351 818 452 871 revorti
472 817 582 870 domum
600 816 729 884 decrevit,
742 818 873 872 donatum
885 821 969 885 atque

119 893 260 947 laudatum
279 894 421 960 magnifice
438 910 489 962 pro
508 893 636 948 contione
657 893 826 961 Jugurtham
843 894 871 946 in
890 909 969 963 prae-

120 969 221 1022 torium
238 969 354 1022 abduxit
371 969 462 1038 ibique
480 973 587 1024 secreto
605 970 718 1036 monuit,
732 970 774 1022 uti
791 969 883 1038 potius
900 969 969 1039 pub-

120 1044 171 1099 lice
189 1061 271 1113 quam
290 1045 417 1114 privatim
439 1045 586 1100 amicitiam
608 1045 702 1114 populi
722 1045 838 1098 Romani
858 1045 968 1112 coleret,

119 1137 173 1174 neu
190 1122 289 1189 quibus
306 1121 401 1187 largiri
415 1123 583 1175 insuesceret
594 1142 601 1186 ;
618 1120 769 1190 periculose
781 1138 798 1173 a
809 1121 903 1189 paucis
915 1121 969 1174 emi

120 1196 194 1265 quod
205 1197 352 1250 multorum
371 1201 462 1260 esset3
480 1197 503 1250 si
521 1212 683 1265 permanere
695 1196 779 1249 vellet
793 1196 821 1250 in
836 1197 891 1250 suis
903 1197 968 1250 arti-

121 1273 179 1339 bus,
203 1273 275 1326 ultro
298 1272 336 1325 illi
361 1276 390 1326 et
411 1273 526 1341 gloriam
547 1276 577 1325 et
601 1288 715 1340 regnum
739 1277 901 1338 venturum3
927 1273 969 1326 sin

120 1349 312 1418 properantius
333 1352 470 1419 pergeret,
493 1353 601 1403 suamet
622 1349 711 1417 ipsum
733 1349 848 1417 pecunia
867 1349 970 1418 praeci-

119 1425 208 1493 pitem
225 1441 359 1478 casurum.

172 1507 196 1556 9.
232 1501 276 1555 Sic
291 1501 399 1554 locutus
414 1517 475 1553 cum
491 1499 595 1554 litteris
607 1516 669 1553 eum
683 1516 752 1569 quas
764 1499 896 1569 Micipsae
906 1500 970 1554 red·

121 1575 201 1630 deret
213 1576 324 1630 dimisit.
354 1576 455 1632 Earum
467 1575 604 1629 sententia
615 1576 682 1629 haec
694 1579 770 1630 erat:
788 1578 803 1604 “
813 1576 832 1629 J
833 1576 970 1643 ugurthae

121 1653 162 1706 tui
179 1651 251 1705 bello
269 1651 436 1705 Numantino
459 1652 538 1720 longe
559 1668 687 1705 maxuma
703 1651 792 1705 virtus
808 1652 869 1721 fuit,
887 1669 969 1721 quam

121 1744 179 1782 rem
196 1728 248 1782 tibi
265 1732 340 1783 certe
358 1729 413 1781 scio
430 1728 530 1796 gaudio
549 1741 615 1782 esse.
652 1727 738 1782 Nobis
752 1728 787 1782 ob
804 1731 904 1783 merita
921 1746 970 1784 sua

121 1822 199 1858 carrus
211 1808 268 1870 est;
280 1808 312 1858 ut
323 1804 397 1857 idern
411 1804 518 1858 senatui
531 1808 560 1858 ct
571 1804 671 1872 populo
681 1804 804 1857 Romano
816 1806 852 1859 sit
864 1821 970 1859 summa

121 1897 172 1947 ope
187 1881 316 1935 nitemur.
352 1880 413 1933 Tibi
429 1880 541 1949 quidem
559 1897 610 1949 pro
628 1884 722 1933 nostra
739 1880 858 1933 amicitia
876 1884 970 1948 gratu-

120 1955 169 2009 lor.
204 1955 246 2009 En
263 1955 348 2010 habes
366 1956 453 2008 virum
472 1955 585 2023 dignum
603 1958 633 2009 te
650 1958 735 2023 atque
752 1971 802 2008 avo
820 1972 869 2009 suo
887 1956 971 2010 Masi-

121 2032 216 2085 nissa?
257 2032 348 2099 Igitur
373 2048 429 2096 rex,
453 2031 500 2083 ubi
524 2048 557 2084 ea
579 2047 649 2098 quae
671 2030 744 2084 fama
768 2036 913 2101 acceperat
934 2049 970 2086 cx

120 2108 221 2161 litteris
233 2107 405 2175 imperatoris
416 2108 456 2161 ita
468 2123 528 2160 esse
540 2107 673 2173 cognovit,
690 2123 775 2174 quum
788 2106 898 2173 virtute,
909 2110 970 2161 tum

120 2184 210 2252 gratia
221 2183 273 2236 viri
284 2187 426 2252 permotus
438 2182 517 2235 flexit
528 2183 649 2235 animum
666 2199 746 2236 suum
758 2185 787 2236 et
802 2182 821 2235 J
823 2182 970 2251 ugurtham
1068 2205 1072 2210 ·

121 2258 262 2333 &aelidis
283 2260 393 2312 vincere
410 2273 554 2327 aggressus
575 2263 624 2323 est,
642 2259 789 2327 statimque
807 2274 869 2312 eum
887 2258 970 2327 adop-

122 2336 192 2389 tavit
203 2337 233 2388 et
245 2337 411 2388 testamento
427 2334 531 2403 pariter
543 2350 605 2386 cunr
617 2334 681 2387 filiis
695 2334 828 2387 heredem
842 2334 970 2389 instituit,

123 2411 178 2465 Sed
194 2411 253 2479 ipse
270 2427 370 2479 paucos
387 2418 450 2479 post
470 2426 554 2464 annos
576 2410 672 2464 morbo
694 2414 777 2479 atque
799 2414 891 2464 aetate
908 2427 971 2464 con-

122 2487 211 2541 iectus
223 2503 307 2555 quum
320 2486 371 2540 sibi
384 2488 466 2540 linem
477 2487 550 2540 vitae
569 2486 666 2540 adesse
681 2486 863 2554 intellegeret,
879 2502 971 2540 coram

122 2563 216 2616 amicis
236 2566 265 2616 et
288 2563 410 2630 cognatis
433 2563 555 2628 itemque
578 2561 737 2615 Adherbale
759 2564 788 2616 et
811 2560 971 2630 Hiempsale

123 2638 185 2692 filiis
205 2638 307 2693 dicitur
330 2636 518 2706 hujuscemodi
541 2635 626 2690 verba
649 2653 711 2691 cum
727 2637 866 2705 iugurtha
888 2636 972 2690 habu-

123 2730 184 2768 isse.

177 2795 214 2845 lo.
249 2789 392 2843 “Parvum
410 2805 461 2857 ego
478 2792 516 2856 te,
533 2788 553 2842 J
555 2787 682 2856 ugurtha,
694 2789 792 2842 amisso
806 2790 894 2856 patre,
913 2787 972 2842 sine

80 2888 83 2893 ·
122 2883 179 2935 spe,
200 2867 259 2920 sine
278 2865 383 2935 opibus,
400 2865 428 2918 in
445 2881 534 2918 meum
553 2880 670 2930 regnum
686 2864 787 2933 accepi,
804 2863 972 2918 existumans

123 2957 176 2995 uon
188 2943 277 2995 minus
289 2958 333 2994 me
342 2941 394 2994 tibi
405 2957 486 3009 quam
496 2940 518 2993 si
530 2940 684 3007 genuissem
694 2939 729 2992 ob
737 2939 870 2993 beneficia
878 2955 972 2993 carum

123 3015 196 3082 fore;
220 3033 309 3086 neque
327 3034 359 3070 ea
380 3032 426 3070 res
446 3017 546 3070 falsum
563 3031 608 3068 me
625 3014 731 3068 habuit.
773 3016 844 3068 Nam
865 3018 898 3069 ut
919 3015 973 3068 alia

123 3108 222 3160 magna
239 3096 268 3147 et
284 3093 396 3162 egregia
408 3096 458 3147 tua
469 3092 601 3156 omittam,
616 3090 771 3145 novissume
788 3091 897 3144 rediens
914 3091 973 3144 Nu·

123 3168 227 3221 mantia
250 3185 348 3237 meque
371 3183 541 3236 regnumque
567 3182 659 3220 meum
686 3165 774 3234 gloria
797 3164 972 3234 honoravisti,
