2275 3425
474 119 493 169 J
496 118 684 170 UGURTHA.
957 126 1004 172 109

152 203 216 271 *quis
227 201 282 256 etJ
285 201 405 269 ugurtha
414 217 494 256 carus
502 204 531 254 et
544 202 660 254 Romani
672 202 752 255 invisi
764 206 850 257 erant.
877 203 1004 273 Denique

154 279 262 347 saepius
273 278 404 346 fatigatus
418 279 518 332 leniter
530 284 605 331 etex
617 277 758 332 voluntate
770 279 861 332 Sullae
873 280 963 333 omnia
974 296 1005 334 se

153 354 288 407 facturum
311 354 455 422 promittit.
493 354 621 408 Ceterum
640 354 677 407 ad
697 354 877 408 simulandam
901 372 1004 424 pacem,

153 429 232 497 cujus
255 429 376 483 Numida
396 429 519 483 defessus
540 429 612 482 bello
631 429 820 498 avidissumus,
839 448 909 499 quae
927 431 1005 485 utilia

153 505 212 559 risa
222 507 402 560 constituunt.
437 507 484 560 Ita
496 506 645 573 composito
658 506 720 559 dolo
733 506 934 579 digrediuntur.

206 587 264 635 112.
300 582 341 635 At
352 598 401 635 rex
417 586 527 650 postero
542 582 588 634 die
606 583 742 650 Asparem
757 581 914 650 Jugurthae
930 582 1005 650 lega

153 660 213 710 tum
225 656 346 726 appellat
358 657 487 726 dicitque,
500 658 552 711 sibi
567 674 617 726 per
629 658 767 711 Dabarem
775 664 813 711 ‘ex'
826 658 903 712 Sulla
913 659 1005 727 cogni·

152 735 213 786 tum
224 749 305 801 posse
317 734 519 787 condicionibus
531 733 632 787 bellum
644 734 723 802 poui3
741 733 918 802 quamobrem
931 734 1006 802 regis

153 809 195 861 sui
212 809 375 885 sententiam
391 811 555 877 exquireret.
593 809 644 863 llle
659 810 748 863 laetus
760 810 788 862 10
801 813 892 864 castra
903 810 1006 878 Jugur-

152 884 219 939 11100
230 886 305 939 venit
312 906 319 950 ;
337 885 401 940 dein
413 886 449 940 ab
462 887 508 940 illo
516 890 616 940 cuncta
623 887 738 940 edoctus
749 890 897 955 properato
907 887 1006 940 itinere

152 964 216 1029 post
235 962 308 1015 diem
325 966 451 1016 octavum
468 963 542 1016 redit
557 962 594 1015 ad
610 962 753 1029 Bocchum,
766 961 832 1015 etei
845 961 1004 1017 denuntiat:

154 1037 345 1105 ’‘Jugurtham
364 1056 463 1107 cupere
487 1040 577 1092 omnia
595 1055 667 1107 quae
685 1039 888 1106 imperarentur
906 1039 1005 1106 lacere,

153 1114 203 1166 sed
223 1114 311 1168 Mario
329 1131 426 1184 parum
444 1114 598 1178 confidere3
614 1130 697 1183 saepe
713 1117 794 1167 antea
812 1130 872 1167 eum
889 1114 1006 1181 impera·

153 1190 260 1244 toribus
279 1191 408 1244 Romanis
427 1208 522 1259 paoem
541 1194 702 1243 conventam
721 1189 824 1243 frustra
842 1189 941 1253 fuisse;
962 1206 1005 1244 ce-

153 1270 244 1320 terum
261 1266 384 1320 Bocchus
399 1267 421 1319 si
437 1266 569 1319 ambobus
589 1265 742 1319 consultum
761 1268 790 1319 01
806 1269 893 1318 ratam
910 1282 1005 1333 pacem

153 1343 244 1408 vellet,
262 1343 342 1395 daret
357 1359 470 1409 operam
485 1345 518 1395 ut
533 1358 589 1394 una
604 1341 639 1394 ab
656 1340 781 1394 omnibus
797 1342 874 1410 quasi
890 1342 925 1395 de
937 1359 1005 1409 pace

153 1419 181 1471 in
200 1417 364 1485 colloquium
383 1418 531 1483 veniretur,
551 1417 645 1486 ibique
667 1415 717 1469 sibi
742 1416 844 1470 Sullam
866 1417 1006 1483 traderet;

154 1511 238 1563 quum
250 1493 333 1547 talem
344 1493 432 1546 virum
444 1495 472 1546 in
484 1497 651 1562 potestatem
664 1492 812 1559 habuisset,
824 1497 883 1546 tum
895 1493 954 1546 fore
964 1493 1006 1547 uti

113 1582 115 1587 ·
150 1570 230 1637 jussu
242 1574 354 1623 senatus
366 1573 449 1637 atquo
460 1569 555 1639 populi
569 1570 685 1623 Romani
697 1569 794 1623 foedus
805 1570 900 1635 fieret;
918 1586 1006 1639 neque

154 1646 290 1699 hominem
308 1644 435 1710 nobilem,
453 1662 506 1698 non
526 1662 576 1698 sua
591 1645 707 1715 ignavia,
723 1645 773 1698 sed
790 1645 825 1699 ob
842 1661 901 1700 rem
918 1645 1007 1716 publi-

154 1740 221 1789 cam,
233 1722 261 1775 in
273 1716 393 1776 hostium
405 1725 544 1790 potestate
556 1722 681 1776 relictum
694 1720 749 1774 iri.”

209 1805 264 1853 113.
302 1798 379 1852 Haec
396 1797 510 1851 Maurus
527 1815 619 1851 secum
636 1798 695 1866 ipse
711 1797 759 1850 diu
770 1797 881 1851 volvens
892 1797 1006 1852 tandem

154 1875 294 1943 promisit3
311 1878 433 1928 ceterum
448 1874 510 1928 dolo
525 1890 561 1927 an
573 1890 638 1929 vere
654 1876 806 1941 cunctatus,
821 1891 918 1944 parum
934 1891 1007 1928 com·

154 1951 283 2018 perimus.
325 1950 381 2004 Sed
401 1950 564 2019 plerumque
580 1950 673 2017 regiae
691 1949 854 2017 voluntates,
873 1953 906 2004 ut
926 1951 1007 2005 vehe-

155 2029 269 2093 mentes,
284 2025 323 2079 sic
338 2024 460 2092 mobiles,
479 2042 561 2095 saepe
576 2026 652 2095 ipsae
664 2024 716 2078 sibi
729 2025 871 2080 advorsae.
906 2025 1008 2080 Postea

155 2105 278 2169 tempore
296 2104 326 2155 01
344 2102 403 2155 1000
422 2102 572 2156 constituto
589 2101 627 2171 [10
644 2100 807 2170 colloquium
824 2101 865 2155 uti
884 2101 920 2155 de
938 2118 1007 2170 pace

155 2178 314 2248 venireturl,
336 2179 458 2233 Bocchus
477 2179 580 2233 Sullam
598 2178 687 2246 modo,
701 2178 782 2231 modo
797 2177 954 2246 Jugurthse
970 2178 1008 2233 le-

155 2259 249 2322 gatum
261 2254 407 2324 appellare,
425 2254 542 2323 benigne
559 2254 669 2321 habere,
687 2254 761 2307 idem
778 2254 911 2308 ambobus
928 2254 1007 2323 polli-

155 2332 219 2384 ceri.
256 2330 301 2384 Illi
321 2330 427 2398 pariter
444 2332 510 2385 laeti
529 2348 561 2384 ac
576 2330 635 2398 spei
652 2329 738 2384 bonae
753 2330 826 2398 pleni
846 2347 914 2384 esse.
950 2331 1007 2385 Sed

156 2412 287 2472 0001000,
300 2424 370 2475 quae
385 2423 519 2475 proxuma
534 2406 587 2459 1011
603 2410 667 2460 ante
682 2406 754 2462 diem
767 2407 900 2474 colloquio
913 2406 1007 2460 decre-

156 2487 224 2550 tum,
236 2483 349 2535 Maurus
361 2482 492 2536 adhibitis
503 2483 597 2535 amicis
609 2499 640 2536 ac
652 2482 746 2536 statim
758 2482 902 2536 immutata
913 2482 1007 2535 volun-

156 2561 216 2611 tate
230 2558 351 2624 remotis,
366 2558 474 2611 dicitur
483 2574 576 2611 secum
593 2558 652 2627 ipse
670 2558 759 2611 multa
774 2558 919 2626 agitavisse
930 2557 1007 2610 voltu

156 2635 275 2702 corporis
284 2633 388 2702 pariter
395 2637 478 2701 atque
490 2634 580 2686 animo
588 2633 687 2700 varius,
698 2650 768 2701 quae
780 2633 884 2687 scilicet
895 2636 1007 2686 tacente

155 2710 215 2778 ipso
227 2710 334 2776 occulta
348 2708 466 2777 pectoris
479 2709 647 2777 patefecisse.
683 2709 785 2762 Tamen
797 2713 935 2777 postremo
948 2708 1007 2761 Sul-

155 2786 210 2839 lam
222 2786 322 2839 arcessi
330 2785 414 2852 jubet
425 2787 455 2837 01
466 2800 500 2837 ex
512 2784 584 2837 illius
596 2786 733 2838 sententia
745 2783 883 2838 Numidae
893 2783 1007 2837 insidias
1095 2778 1121 2810 ·'‘

156 2861 253 2914 tendit.
290 2860 398 2914 Deinde
414 2858 461 2912 ubi
483 2859 542 2912 dies
562 2860 674 2914 advenit
692 2864 722 2914 01
740 2859 767 2913 01
786 2859 940 2912 nuntiatum
963 2861 1008 2914 est

156 2936 323 3003 Jugurtham
344 2935 418 2988 haud
435 2935 530 3003 procul
550 2935 654 2999 abesse,
672 2951 734 2989 cum
751 2935 845 3003 paucis
865 2934 959 2986 amieis
978 2938 1008 2989 01
1031 2953 1035 2962 ’

156 3016 302 3080 quaestore
320 3014 412 3064 nostro
428 3010 505 3078 quasi
524 3010 620 3064 obvius
639 3010 749 3063 honoris
767 3026 863 3062 caussa
881 3008 1008 3076 procedit

155 3087 184 3139 in
196 3087 331 3140 tumulum
346 3085 511 3139 facillumum
524 3088 584 3139 visu
598 3085 796 3140 insidiantibus.
832 3085 937 3137 Eodem
950 3085 975 3136 N
977 3101 1008 3146 uf
1055 3133 1061 3147 ,

156 3161 232 3215 mida
243 3179 304 3216 eum
317 3161 455 3231 plurisque
466 3163 626 3216 necessariis
643 3161 699 3215 suis
716 3160 836 3228 inermis,
848 3160 889 3215 uti
901 3159 1007 3213 dictum
