2275 3425
487 135 696 186 JUGURTHA.
986 143 1017 188 la

166 218 271 284 tuaque
288 215 392 269 virtute
408 214 486 268 nobis
505 214 642 268 Romanos
663 231 697 268 ex
718 213 814 269 amicis
831 214 1017 270 amicissumos

165 291 271 356 iecisti;
288 291 317 344 in
330 291 463 360 Hispania
474 307 573 345 nomen
585 291 704 344 familiae
715 296 875 344 renovatum
887 295 944 358 est;
956 308 1017 359 pos

165 371 262 435 tremo,
278 368 352 436 quod
370 367 566 421 difficillumum
580 367 654 421 inter
668 367 790 419 mortalis
808 371 858 428 est,
873 368 961 434 gloria
977 368 1017 420 in-

165 443 266 497 vidiam
284 443 379 497 vicisti.
414 444 440 496 N
442 460 501 510 unc,
513 444 641 511 quoniam
655 444 722 496 mihi
738 450 836 497 natura
848 444 930 497 finem
942 443 1017 497 vitae

165 519 239 587 iacit,
255 537 306 591 per
325 521 394 573 hanc
413 520 562 584 dexteram
581 537 632 590 per
651 520 728 587 regni
748 520 830 573 fidem
852 537 950 574 moneo
968 520 1017 573 ob-

165 599 315 665 testorque,
331 601 364 651 ut
381 597 438 665 hos,
457 598 504 665 qui
522 596 574 651 tibi
593 613 694 665 genere
711 597 863 665 propinqui,
882 595 1016 650 beneficio

165 689 226 726 meo
244 673 344 726 iratres
363 677 434 740 sunt,
452 677 530 727 caros
547 673 657 741 habeas,
679 689 733 726 neu
752 672 831 725 malis
849 672 951 730 alienos
968 672 1015 726 ad-

161 747 278 817 jungere
296 766 379 818 quem
397 750 527 817 sanguine
547 749 706 818 conjunctos
724 749 851 803 retinere.
887 749 950 802 Non
967 765 1015 801 ex-

165 827 267 880 ercitus
276 842 366 896 neque
374 825 496 880 thesauri
506 825 644 895 praesidia
653 826 730 893 regni
741 830 812 892 sunt,
822 841 916 878 verum
924 826 1012 891 amici,
1034 893 1036 895 v

164 918 232 970 quos
253 919 344 971 neque
364 903 447 958 armis
468 918 565 970 cogere
588 918 677 971 neque
699 918 765 954 auro
786 917 884 971 parare
909 918 1012 969 queas;

163 978 250 1032 officio
272 983 301 1032 et
322 978 379 1032 fide
397 980 552 1052 pariuntur.
596 979 664 1043 Quis
685 982 778 1031 autem
799 977 909 1030 amicior
930 994 1012 1045 quarn

163 1054 250 1108 irater
267 1055 366 1109 fratril
384 1059 433 1109 aut
444 1072 526 1124 quem
544 1055 664 1109 alienum
679 1054 765 1106 fidum
780 1054 909 1119 invenies,
922 1054 945 1105 si
956 1054 1013 1106 tuis

162 1130 248 1184 hostis
265 1130 371 1185 fuerisl
407 1131 544 1200 Equidem
565 1147 617 1198 ego
637 1130 713 1183 vobis
735 1146 850 1197 regnum
868 1129 949 1182 trado
967 1129 1013 1181 fir·

162 1223 244 1271 mum,
262 1207 286 1260 si
304 1207 368 1260 boni
386 1208 476 1271 eritis3
497 1207 539 1261 sin
557 1206 629 1274 mali,
651 1205 825 1260 imbecillum.
860 1206 932 1259 Nam
950 1222 1012 1259 con-

162 1283 255 1336 cordia
268 1299 369 1353 parvae
381 1300 426 1338 res
437 1287 573 1350 crescunt,
584 1281 722 1336 discordia
734 1298 877 1336 maxumae
888 1281 1012 1334 dilabun-

162 1362 216 1414 tur.
251 1358 381 1413 Ceterum
406 1357 471 1413 ante
496 1359 545 1412 hos
569 1362 607 1426 te,
632 1358 778 1426 iugurtha,
802 1359 849 1426 qui
867 1360 960 1412 aetate
983 1361 1012 1410 ct

162 1435 296 1504 sapientia
312 1436 387 1503 prior
404 1452 442 1502 cs,
455 1452 491 1490 ne
502 1435 584 1489 aliter
598 1434 667 1504 quid
682 1435 789 1488 eveniat
803 1432 950 1503 providere
964 1433 1011 1486 de-

162 1513 213 1563 cet.
248 1511 275 1563 N
276 1527 320 1564 am
332 1513 359 1563 in
371 1511 443 1564 omni
455 1510 605 1564 certamine
616 1511 663 1578 qui
674 1510 829 1580 opulentior
841 1512 892 1578 est,
904 1510 1009 1563 etiamsi

162 1585 261 1655 accipit
278 1585 414 1654 injuriam,
432 1590 525 1641 tamen
542 1588 607 1655 quia
624 1587 686 1656 plus
703 1590 804 1655 potest,
827 1586 918 1639 facere
936 1585 1010 1639 ride-

162 1663 215 1716 tur.
252 1661 309 1715 Vos
325 1666 426 1730 autem,
443 1662 586 1717 Adherbal
603 1667 633 1716 et
646 1662 794 1730 Hiempsal,
811 1662 901 1731 colite,
918 1661 1010 1715 obser-

161 1741 225 1792 vate
242 1738 326 1792 talem
343 1738 415 1793 hunc
437 1739 533 1806 virum,
554 1739 698 1792 imitamini
719 1739 858 1804 virtutem,
880 1742 909 1793 et
931 1739 1010 1791 eniti-

160 1813 279 1867 minine
297 1830 348 1883 ego
368 1815 494 1869 meliores
517 1815 618 1869 liberos
638 1815 786 1884 sumpsisse
810 1815 903 1868 videar
927 1832 1009 1883 quam

159 1890 308 1958 genuisse.'’

215 1972 253 2020 ll.
291 1966 338 2020 Ad
354 1983 388 2022 ea
404 1966 552 2036 Jugurtha,
570 1969 681 2023 tametsi
698 1986 791 2036 regern
807 1968 871 2021 licta
887 1967 1008 2027 locutum

159 2042 337 2110 intellegebat
355 2045 384 2096 et
401 2042 460 2111 ipse
477 2043 559 2111 longe
574 2044 655 2098 aliter
667 2046 757 2098 animo
769 2044 903 2112 agitabat,
916 2048 1008 2097 tamen

158 2134 209 2186 pro
227 2122 351 2186 tempore
368 2118 486 2187 benigne
504 2120 654 2189 respondit.
699 2121 815 2190 Micipsa
835 2120 928 2189 paucis
945 2125 1008 2188 post

159 2194 257 2248 diebus
268 2195 391 2248 moritur.
428 2194 578 2263 Postquam
589 2196 629 2248 illi
642 2213 718 2250 more
733 2197 808 2265 regio
816 2195 895 2264 justa
906 2197 1008 2264 magni-

158 2270 209 2324 fice
227 2270 356 2338 fecerant,
374 2271 463 2338 reguli
480 2272 508 2325 iu
526 2288 611 2325 unum
629 2289 778 2326 convenere
791 2276 824 2326 ut
837 2272 910 2326 inter
924 2289 954 2327 sc
972 2273 1008 2326 de

158 2346 261 2399 cunctis
273 2346 389 2413 negotiis
401 2347 596 2417 disceptarent.
631 2348 687 2402 Sed
699 2349 850 2417 Hiempsal,
862 2348 909 2417 qui
918 2349 1007 2401 minu-

157 2437 218 2474 mus
230 2437 264 2474 ex
276 2421 330 2475 illis
342 2425 410 2490 erat,
422 2427 520 2476 natura
532 2424 610 2477 ferox
623 2429 652 2479 et
659 2425 719 2491 jam
731 2429 795 2479 ante
807 2424 1006 2492 ignobilitatem

157 2496 321 2565 iugurthae,
333 2497 398 2565 quia
408 2503 533 2553 materno
544 2517 646 2568 genere
662 2502 751 2571 impar
763 2506 830 2567 erat,
848 2500 1006 2570 despiciens,

157 2572 272 2626 dextera
285 2571 471 2627 Adherbalem
483 2576 595 2644 assedit,
613 2594 647 2631 ne
659 2579 767 2632 medius
779 2596 814 2632 ex
826 2578 923 2646 tribus,
932 2578 1005 2646 quod

60 2716 62 2722 Α
157 2648 232 2716 apud
250 2648 384 2702 Numidas
401 2650 497 2704 honori
515 2651 633 2720 ducitur,
655 2654 795 2722 Jugnrtha
812 2655 891 2707 foret.
935 2655 1006 2707 Dein

157 2726 257 2789 tamen,
272 2727 304 2778 ut
324 2726 410 2780 aetati
428 2728 593 2782 concederet
613 2729 746 2797 fatigatus
768 2747 785 2783 a
803 2731 897 2797 fratre,
915 2730 961 2781 vix
978 2732 1005 2781 in

155 2804 264 2869 partem
281 2801 396 2855 alteram
414 2804 591 2858 transductus
609 2809 659 2860 est.
700 2806 746 2859 lbi
764 2824 847 2875 quum
864 2805 952 2858 multa
970 2808 1005 2858 de

156 2875 372 2930 administrando
383 2877 498 2947 imperio
511 2879 687 2948 dissererent,
699 2881 719 2935 J
721 2881 840 2948 ugurtha
855 2882 928 2934 inter
939 2881 1005 2933 elias

156 2967 201 3004 res
208 2951 285 3019 jacit,
297 2958 425 3021 oportere
437 2955 605 3023 quinquenni
617 2957 740 3009 consulta
751 2961 783 3009 et·
793 2957 904 3009 decreta
916 2957 1005 3007 omnia

155 3027 288 3092 rescindi,
306 3044 368 3081 nam
384 3045 436 3098 per
452 3046 485 3083 ea
501 3036 627 3098 tempora
641 3031 794 3084 conlectum
812 3031 890 3082 annis
908 3031 1004 3097 Micip-

155 3117 213 3156 sam
230 3120 327 3171 parum
344 3106 434 3158 animo
451 3106 575 3158 valuisse.
611 3105 680 3156 Turn
696 3104 772 3157 idem
790 3103 934 3170 Hiempsal
952 3105 997 3171 ple

154 3195 217 3232 cere
229 3179 281 3232 sibi
294 3180 452 3248 respondit;
463 3196 526 3232 nam
538 3180 627 3248 ipsum
639 3178 716 3233 illum
728 3178 818 3230 trihus
827 3176 892 3244 [his]
903 3193 1004 3243 proxu-
