2275 3425
90 60 107 86 ⁸
148 111 178 160 50
396 108 424 154 Ο.
442 105 616 154 SALLUSTI
632 106 748 155 CRISPI

147 190 330 257 temretatum
345 185 424 239 nobis
440 188 490 252 est,
502 185 599 253 utique
613 203 672 239 rem
688 203 747 240 sese
762 188 864 243 habere
879 189 1006 250 cultores

147 264 207 332 ejus
219 267 310 317 terrae
326 264 433 331 putant,
444 278 526 330 quam
541 262 720 330 paucissumis
735 262 831 316 dicam.
868 265 997 319 Ceterum

146 340 215 393 fides
227 338 287 407 ejus
299 338 340 392 rei
351 355 436 408 penes
448 341 574 392 auctores
586 339 646 392 erit.

200 422 239 471 18.
265 415 390 469 Africam
402 414 479 468 initio
490 414 611 468 habuere
624 415 734 469 Gaetuli
746 418 775 470 et
788 415 894 485 Libyes,
906 417 997 484 asperi

146 492 303 560 incultique,
317 491 379 560 quis
390 490 468 544 cibus
479 495 540 544 erat
552 508 616 544 caro
630 491 717 545 ferina
731 495 813 560 atque
824 492 901 546 humi
913 492 997 560 pabu-

146 568 209 634 lum,
222 568 264 620 uti
280 566 432 636 pecoribus.
467 566 507 619 Hi
522 583 612 636 neque
628 567 751 621 moribus
767 585 854 637 neque
871 569 931 636 lege
948 573 998 624 aut

146 643 261 712 imperio
277 642 437 711 cujusquam
451 641 634 711 regebantur;
652 644 721 712 vagi,
733 644 865 713 palantes,
878 662 933 714 qua
944 663 997 699 nox

146 723 280 787 coegerat,
298 719 378 772 sedes
397 719 543 773 habebant.
580 720 636 773 Sed
653 723 798 789 postquam
815 723 844 774 in
863 723 998 792 Hispania

148 797 289 863 Hercules,
302 796 373 849 sicut
384 795 446 848 Afri
459 800 566 864 putant,
578 797 690 864 interiit,
701 799 837 852 exercitus
846 799 914 866 ejus,
927 815 998 852 com-

146 874 251 942 positus
264 888 297 924 ex
309 872 391 925 variis
403 871 539 941 gentibue,
552 874 651 926 amisso
663 873 733 927 duce
745 891 776 928 ac
788 875 889 943 passim
902 874 997 928 multis

146 948 198 1001 sibi
214 948 329 1017 quisquc
345 949 490 1018 imperium
507 950 674 1018 petentibus,
691 949 768 1003 brevi
786 950 924 1005 dilabitur.
953 951 996 1005 lix

146 1042 179 1078 eo
191 1042 303 1079 numero
313 1024 397 1089 Medi,
411 1026 512 1079 Persae
524 1030 553 1080 et
564 1027 695 1095 Armenii,
706 1026 821 1080 navibus
834 1029 862 1081 in
873 1027 996 1081 Africam

146 1103 293 1156 transvecti
306 1119 453 1170 proxumos
465 1105 559 1156 nostro
571 1103 640 1156 mari
652 1102 725 1156 locos
737 1120 910 1172 occupavere.
940 1103 996 1157 Sed

147 1178 247 1232 Persae
263 1178 336 1231 intra
351 1178 490 1231 Oceanum
507 1178 609 1246 magis;
626 1178 709 1247 hique
725 1179 815 1233 alveos
831 1179 940 1233 navium
955 1180 996 1232 in·

145 1271 237 1308 versos
246 1272 296 1324 pro
307 1254 424 1322 tuguriis
435 1253 564 1320 habuere,
576 1255 640 1323 quia
652 1271 741 1321 neque
753 1255 870 1308 materia
881 1257 909 1309 in
922 1255 995 1324 agris

145 1349 234 1400 neque
254 1330 289 1384 ab
312 1331 442 1399 Hispanis
463 1330 575 1384 emundi
600 1334 648 1384 aut
670 1331 796 1384 mutandi
819 1332 896 1400 copia
920 1336 995 1397 erat;

145 1425 220 1461 mare
234 1424 361 1476 magnum
373 1408 511 1474 etignara
525 1407 617 1474 lingua
628 1406 790 1460 commercia
805 1407 995 1476 prohibebant.

146 1486 185 1538 Ili
202 1484 333 1554 paulatim
345 1501 396 1553 per
406 1483 540 1536 connubia
552 1484 683 1537 Gaetulos
696 1500 789 1537 secum
800 1484 947 1548 miscuere;
965 1488 995 1539 et

145 1562 208 1629 quia
221 1578 302 1629 saepe
318 1563 487 1627 temptantes
501 1575 581 1626 agros
593 1560 653 1626 alia,
665 1559 835 1619 deindealia
850 1560 910 1613 loca
924 1561 993 1628 peti

145 1641 248 1706 verant,
261 1640 349 1690 semet
364 1636 416 1705 ipsi
433 1636 458 1688 N
460 1636 572 1688 oniadas
587 1636 764 1704 appellavere.
800 1637 930 1700 Ceterum
946 1637 991 1689 ad·

143 1715 197 1770 huc
215 1714 339 1769 aedificia
357 1713 538 1767 Numidarum
556 1712 714 1781 agrestium,
733 1729 802 1781 quae
820 1714 937 1784 mapalia
954 1715 994 1767 illi

144 1796 251 1859 vocant,
268 1791 390 1860 oblonga,
405 1791 524 1845 incurvis
540 1789 674 1843 lateribus
691 1793 774 1857 tecta,
790 1792 867 1859 quasi
885 1791 993 1844 navium

145 1869 252 1922 carinae
271 1872 341 1921 suut.
376 1868 466 1922 Medis
484 1871 578 1921 autem
594 1871 624 1920 et
642 1868 779 1920 Armeniis
795 1883 934 1920 accessere
949 1867 993 1920 Li-

143 1944 217 2015 byes,
233 1961 295 1999 nam
310 1944 339 1997 hi
353 1945 469 2013 ‘propius
486 1960 562 1997 mara
579 1943 703 1997 Africum
721 1942 868 2011 agitabant,
884 1943 994 1997 Gaetuli

144 2022 195 2077 sub
208 2022 263 2076 sole
275 2021 362 2088 magis
373 2020 447 2073 haud
459 2020 553 2089 procul
565 2020 600 2073 ab
613 2020 771 2085 ardoribus3
788 2020 871 2087 hique
885 2023 994 2073 mature

145 2098 247 2168 oppida
263 2096 399 2160 habuere3
416 2112 479 2148 nam
496 2096 568 2149 freto
585 2096 664 2149 divisi
681 2096 716 2149 ab
735 2096 870 2165 Hispania
884 2098 994 2150 mutare

50 2167 52 2171 ⁸
144 2192 189 2229 res
207 2176 281 2228 iuter
299 2191 328 2228 se
344 2173 527 2226 instituerant.
563 2173 670 2225 Nomen
687 2189 781 2228 eorum
799 2172 931 2241 paulatim
951 2172 994 2226 hi-

144 2251 211 2319 byes
229 2267 384 2319 corrupere,
401 2249 518 2303 barbara
535 2248 627 2317 lingua
644 2250 756 2302 Mauros
772 2266 822 2317 pro
838 2248 929 2303 Medis
945 2266 994 2318 ap-

143 2328 285 2398 pellantes.
321 2327 377 2381 Sed
393 2343 437 2380 res
450 2326 596 2379 Persarum
610 2325 688 2379 brevi
703 2325 822 2379 adolevit
830 2346 836 2390 ;
854 2342 885 2379 ac
897 2330 993 2392 postea

144 2404 252 2458 nomine
273 2403 418 2470 Numidae,
437 2407 550 2472 propter
570 2401 776 2456 multitudinem
796 2401 993 2470 aparentibus

145 2481 268 2554 digressi,
281 2480 429 2550 possedere
443 2495 476 2532 ea
491 2479 551 2532 loca
565 2496 634 2546 quae
649 2496 782 2548 proxume
798 2477 992 2545 Carthaginem
1025 2484 1027 2487 ’

144 2558 276 2611 Numidia
287 2557 447 2626 appellatur.
469 2556 540 2609 Dein
552 2556 662 2623 utrique
674 2556 769 2609 ulteris
780 2555 844 2609 freti
854 2554 993 2608 finitumos

144 2634 228 2688 armis
246 2638 294 2688 aut
312 2637 389 2688 metu
412 2631 464 2686 sub
483 2632 627 2700 imperium
651 2649 729 2685 suurn
750 2637 873 2699 coegere,
893 2647 993 2683 nomen

110 2769 112 2772 ,
144 2702 313 2780 gloriamque
325 2710 377 2764 sibi
389 2710 530 2777 addidere,
542 2709 629 2776 magis
641 2710 659 2761 ii
672 2710 719 2777 qui
731 2709 768 2762 ad
781 2711 904 2761 nostrum
917 2723 993 2759 mare

144 2791 333 2856 processerant
349 2788 412 2855 quia
428 2786 528 2854 Libyes
540 2802 622 2854 quam
635 2784 744 2839 Gaetuli
759 2785 849 2837 miuus
863 2783 992 2837 bellicosi.

146 2866 271 2932 Denique
285 2864 395 2918 Africae
406 2881 470 2933 pars
482 2863 595 2916 inferior
605 2862 736 2932 pleraque
748 2862 783 2915 ab
795 2861 922 2915 Numidis
934 2876 995 2928 pos-

147 2954 221 2994 sessa
238 2946 296 3005 est3
317 2941 381 2995 victi
399 2958 492 2995 omnes
510 2941 538 2993 in
557 2944 668 3008 gentem
687 2937 838 3009 nomenque
857 2939 994 3007 imperan-

146 3018 216 3071 tium
227 3033 391 3071 concessere.

201 3098 240 3146 19.
276 3094 376 3148 Postea
387 3092 544 3157 Phoenices,
556 3090 602 3144 alii
617 3091 800 3144 multitudinis
816 3089 891 3143 domi
906 3087 995 3142 minu-

147 3167 235 3221 endae
252 3170 349 3237 gratia,
362 3185 426 3238 pars
443 3168 542 3238 imperi
559 3166 687 3235 cupidine
704 3165 850 3219 sollicitata
866 3164 947 3234 plebe
965 3168 995 3219 et
