2275 3425
143 151 174 198 26
308 145 311 146 ’
391 147 419 193 G.
438 141 613 193 SALLUSTI
630 141 748 189 GRISPI

1122 81 1137 160 1

1131 183 1134 228 1

143 226 178 281 de
209 227 239 280 L.
266 224 367 294 Cassio,
390 224 420 279 P.
444 224 534 291 Furio,
562 222 593 278 P.
616 221 765 288 Umbreno,
793 220 825 285 Q.
851 222 948 288 Annio,
972 221 996 275 si
1041 268 1048 279 .
1135 247 1136 266 1

142 302 306 369 deprehensi
329 302 426 365 forent
446 300 608 369 supplicium
632 297 797 352 sumundum
821 297 997 363 decreverat3

143 378 220 446 isque
234 381 338 447 postes,
350 379 491 447 permotus
502 375 626 429 oratione
640 374 670 428 (l.
685 373 818 441 Caesaris,
832 372 950 443 pedibus
966 372 995 427 in

144 454 307 507 sententiam
319 453 379 506 Tib.
394 451 510 505 Neronis
526 451 629 504 iturum
646 466 676 503 sc
692 449 808 516 dixerat,
820 448 895 517 quod
906 449 943 501 de
961 464 995 502 ea

143 545 174 582 re
182 528 327 596 praesidiis
339 528 442 581 additis
453 527 631 581 referundum
643 528 796 579 censuerat.
821 524 877 578 Sed
886 524 995 591 Caesar,

143 602 191 657 ubi
209 603 246 657 ad
265 620 326 658 eum
339 607 451 657 ventum
468 605 519 670 est,
539 606 652 670 rogatus
672 601 837 655 seutentiam
853 617 870 653 a
886 600 996 654 consule

143 679 331 815 hryscemodi
343 679 427 733 verba
439 679 547 733 locutus
559 681 609 732 est.

230 797 236 809 .
267 753 386 808 “Omnis
398 754 527 820 homines,
535 756 630 822 patres
641 752 796 821 conscripti,
806 752 853 820 qui
865 752 901 806 de
913 751 997 806 rebus

143 830 234 884 dubiis
246 831 408 898 consultant,
421 831 456 884 ab
469 831 540 898 odio,
551 829 679 896 amicitia,
691 829 732 882 ira
748 833 833 897 atque
845 828 996 881 misericor-

144 906 189 959 dia
196 923 294 960 vacuos
304 921 364 961 csse
376 906 462 960 decet.
500 904 586 958 Haud
598 904 678 958 facile
688 905 795 959 animus
802 921 896 957 verum
907 905 997 973 provi-

144 982 200 1048 det,
212 981 260 1035 ubi
273 982 319 1036 illa
330 982 458 1046 officiunt,
474 997 564 1049 neque
585 981 728 1050 quisquam
745 980 865 1033 omnium
881 979 996 1033 lubidini

144 1057 223 1111 simul
240 1061 270 1111 et
284 1058 348 1111 usui
366 1058 465 1126 paruit.
502 1056 558 1110 Ubi
578 1056 729 1110 intenderis
745 1056 892 1124 ingenium,
904 1056 995 1121 valet3

144 1133 167 1184 si
186 1131 282 1187 lubido
305 1133 436 1202 possidet,
458 1149 491 1186 ea
510 1131 675 1198 dominatur,
698 1131 805 1184 animus
825 1130 892 1184 nihil
914 1131 995 1185 valet.

144 1207 245 1274 Magna
254 1208 320 1261 mihi
329 1208 406 1277 copia
415 1211 458 1262 est
469 1206 647 1274 memorandi,
656 1210 750 1276 patres
762 1207 916 1276 conscripti,
924 1223 996 1275 quae

87 1343 90 1347 A
144 1299 223 1351 reges
241 1287 325 1353 atquc
345 1283 439 1353 populi
461 1284 503 1337 ira
523 1286 571 1336 aut
589 1282 775 1336 misericordia
794 1282 905 1351 impulsi
925 1283 996 1336 male

144 1359 348 1424 consuluerint;
367 1359 417 1414 sed
434 1375 467 1413 ea
482 1358 553 1411 malo
573 1358 664 1411 dicere
683 1374 753 1425 quae
772 1357 890 1426 majores
909 1358 996 1412 nostri

144 1437 240 1488 contra
258 1434 409 1489 lubidinem
428 1434 511 1487 animi
531 1433 574 1486 sui
589 1436 665 1486 recte
684 1436 768 1502 atque
788 1433 884 1486 ordine
898 1434 996 1487 fecere.

145 1509 223 1563 Bello
235 1510 419 1578 Macedonico,
432 1509 506 1579 quod
520 1526 582 1563 oum
593 1525 660 1577 rege
673 1510 757 1562 Perse
768 1509 910 1577 gessimus,
924 1509 997 1563 Rho-

145 1585 252 1638 diorum
273 1586 378 1653 civitas,
401 1602 500 1654 magna
524 1587 608 1652 utque
632 1584 783 1652 magnifica,
808 1601 879 1653 quae
902 1585 995 1653 populi

145 1659 261 1716 Romani
270 1662 367 1731 opibus
377 1664 509 1728 creverat,
518 1660 604 1714 infida
616 1663 700 1729 etque
712 1660 828 1714 advorsa
838 1660 917 1714 nobis
925 1660 996 1725 fuit3
1032 1689 1034 1696 >

145 1737 195 1790 sed
210 1741 355 1805 postquam
369 1737 441 1791 bello
457 1737 580 1791 confecto
598 1736 633 1789 de
652 1731 766 1790 Rhodiis
778 1737 932 1790 consultum
945 1738 995 1804 est,

145 1812 262 1880 majoros
275 1815 369 1881 nostri,
385 1830 420 1866 ne
434 1814 495 1880 quis
510 1812 668 1866 divitiarum
683 1813 771 1879 magis
784 1829 865 1881 quam
879 1813 996 1881 injuriae

145 1904 239 1941 caussa
247 1888 349 1942 bellum
361 1889 499 1956 inceptum
513 1888 625 1954 diceret,
639 1888 787 1957 impunitos
800 1905 847 1941 cos
859 1888 996 1942 dimisere.

122 1992 125 1996 ι
146 1963 219 2017 Item
228 1963 306 2017 bellis
316 1965 424 2018 Punicis
433 1963 565 2028 omnibus
573 1980 656 2030 quum
667 1980 748 2032 saepe
757 1963 994 2031 Carthaginienses
1006 2030 1011 2038 ¹

145 2039 209 2092 etin
219 2056 286 2108 pace
299 2043 328 2093 et
340 2057 390 2109 per
398 2039 521 2093 inducias
528 2039 995 2111 multanefariafacinorafecissent,

71 2173 74 2178 ,
144 2131 292 2184 numquam
308 2115 360 2183 ipsi
376 2133 427 2183 per
443 2115 610 2169 occasionem
627 2116 694 2183 talia
707 2116 811 2185 iecere;
827 2116 914 2184 magis
928 2115 996 2184 quid

145 2206 175 2244 se
193 2191 305 2258 dignum
321 2192 400 2258 foret,
419 2207 500 2260 quam
517 2191 585 2259 quid
603 2191 632 2244 in
651 2190 712 2245 illos
731 2193 797 2259 jure
812 2192 872 2245 fieri
893 2195 994 2261 posset,

145 2267 319 2334 quaerebant.
356 2267 417 2321 Hoc
434 2268 501 2321 item
517 2266 595 2320 vobis
611 2267 810 2336 providendum
830 2273 880 2333 est,
900 2272 994 2336 patros

145 2342 297 2410 conscripti,
315 2359 350 2396 ne
363 2342 425 2410 plus
444 2342 517 2412 apud
529 2359 577 2396 vos
597 2344 685 2397 valeat
703 2344 732 2397 P.
746 2344 855 2397 Lentuli
873 2347 902 2397 et
921 2346 995 2397 cete-

146 2434 238 2471 rorum
251 2418 338 2472 scelus
354 2435 436 2488 quam
449 2425 542 2471 vostra
557 2419 684 2487 dignitas,
700 2436 754 2473 neu
767 2419 854 2488 magis
868 2420 926 2472 irae
938 2436 997 2472 vos-

145 2499 205 2547 trae
217 2511 300 2563 qusm
316 2495 404 2548 famae
420 2494 573 2548 consulatis.
610 2496 681 2548 Nam
699 2495 722 2547 si
738 2494 821 2563 digna
839 2511 927 2563 poena
945 2512 995 2563 pro

145 2570 224 2624 factis
244 2587 338 2624 eorum
352 2570 497 2640 reperitur,
516 2587 616 2624 novum
636 2573 777 2625 consilium
795 2570 932 2641 approb0;
953 2572 995 2624 sin

145 2645 304 2714 magnitudo
318 2647 428 2700 sceleris
444 2646 564 2700 omnium
581 2647 690 2714 ingenia
706 2651 859 2716 exsuperat,
871 2646 906 2700 iis
916 2649 996 2699 uten-

145 2721 212 2776 dum
233 2739 330 2777 censeo
354 2739 424 2791 quae
447 2721 553 2790 legibus
575 2726 731 2791 comparata
754 2727 825 2777 sunt.
868 2722 996 2790 Plerique

145 2814 247 2865 eorum,
260 2799 308 2868 qui
324 2803 388 2853 ante
404 2814 448 2851 me
463 2798 613 2851 sententies
628 2798 731 2865 dixere,
748 2798 897 2866 composite
912 2801 996 2865 atque

145 2875 288 2943 magnifice
304 2891 396 2929 casum
412 2874 453 2928 rei
469 2873 595 2943 publicae
612 2874 733 2927 miserati
751 2878 832 2937 sunt;
849 2889 920 2940 quae
930 2872 996 2926 belli

146 2951 259 3004 saevitia
271 2955 351 3018 esset,
363 2966 434 3019 quae
442 2949 523 3003 victis
534 2949 696 3015 acciderent,
706 2963 901 3003 enumeravero
911 2969 918 3014 ;
934 2948 996 3016 rapi

146 3025 272 3094 virgines,
288 3042 394 3095 pueros,
414 3025 507 3079 divelli
529 3025 663 3078 liberoso
680 3031 825 3093 parentum
844 3024 996 3093 complexu,

147 3105 249 3154 matres
267 3102 430 3156 familiarum
453 3101 511 3169 pati
531 3117 602 3169 quae
622 3101 771 3155 victoribus
795 3100 996 3168 collubuissent,

146 3173 208 3228 fana
225 3179 308 3244 atque
323 3177 419 3231 domos
435 3176 553 3245 spoliari,
569 3175 834 3242 caedem„incendia
844 3176 910 3239 fieri,
922 3180 996 3244 poet-
