2275 3425
124 147 155 192 66
368 143 396 190 0.
415 142 589 191 SALLUSTI
607 140 725 211 culsrl

123 224 263 293 potentiae
281 223 397 277 addidit.
433 223 509 287 Quae
532 239 578 276 res
596 222 757 291 plerumque
777 236 889 289 magnas
909 219 973 275 ciri:

124 304 197 354 tates
220 299 418 368 pessumdedit,
436 298 502 352 dum
525 299 607 352 alteri
625 298 726 351 alteros
748 298 857 351 vincere
879 296 974 364 quovis

125 376 205 429 inodo
222 378 251 429 et
265 375 351 429 victos
369 375 493 428 acerbius
505 375 599 428 ulcisci
614 375 713 428 volunt.
750 374 806 427 Sed
822 374 857 427 de
875 372 974 426 studiis

125 452 244 521 partium
266 454 295 505 et
316 452 403 505 omnis
425 451 543 505 civitatis
562 451 684 504 moribus
704 450 728 503 si
754 450 909 518 singulatim
926 453 975 502 aut

127 545 175 597 pro
197 527 386 594 magnitudine
408 544 502 596 parem
524 527 667 593 disserere,
692 530 801 595 tempus
825 543 907 595 quam
929 542 975 579 res

126 603 258 658 niaturius
269 619 314 656 me
326 603 443 656 deserat.
473 603 656 668 Quamobrem
668 603 704 656 ad
716 603 854 671 inceptum
867 602 958 655 redeo.

178 685 219 734 43.
255 679 321 733 Post
340 679 406 733 Auli
422 679 519 733 foedus
537 680 730 747 exercitusque
744 678 831 731 nostri
845 675 976 747 [foedam]

126 757 217 823 lugam
238 756 270 820 Q.
288 755 417 809 Metellus
437 758 466 808 et
490 754 528 808 M.
547 755 661 811 Silanus.
686 754 809 808 consules
833 752 977 820 designati,

125 830 278 899 provincias
299 831 372 884 inter
393 847 423 884 se
447 831 627 899 pertinerent,
652 829 821 898 Metelloque
847 828 978 882 Numidia

126 907 340 975 evenerat,‘acri
358 907 416 960 viro
434 911 463 961 et
481 923 647 976 quamquam
666 906 782 959 advorso
800 905 892 974 populi
915 921 977 974 par·

126 984 203 1051 tium,
214 984 287 1036 fama
298 987 390 1037 tamen
403 982 538 1051 aequabili
550 989 580 1036 et
592 982 727 1036 inviolata.
759 982 789 1035 Is
801 970 849 1034 ubi
861 981 978 1050 primum

127 1060 318 1126 magistratum
330 1059 470 1127 ingressus
486 1062 537 1126 est,
555 1058 608 1111 alia
624 1059 715 1111 omnia
729 1057 781 1112 sibi
797 1073 859 1110 curn
875 1056 980 1124 collega

127 1139 211 1202 ratus,
228 1136 264 1188 ad
277 1134 380 1189 bellum
398 1135 472 1204 quod
490 1138 621 1202 gesturus
638 1138 698 1188 erat
714 1135 834 1187 animum
852 1132 979 1186 intendit.

130 1211 220 1279 Igitur
238 1211 365 1265 diffidens
382 1212 469 1264 veteri
487 1210 741 1264 exercituimilites
759 1208 887 1276 scribere,
903 1224 981 1276 prae

128 1288 198 1342 sidia
214 1288 336 1357 undique
350 1304 495 1354 arcessere,
508 1303 592 1352 arma,
608 1286 671 1350 tela,
687 1302 779 1354 equos,
793 1288 822 1339 et
837 1289 929 1339 cetera
941 1284 981 1338 in-

129 1367 281 1418 strumenta
296 1364 410 1417 militiae
427 1379 533 1432 parare,
549 1361 586 1415 ad
602 1363 653 1415 hoc
671 1365 852 1415 commeatum
869 1360 982 1428 affatim,

130 1440 248 1507 denique
261 1440 358 1508 omnia,
373 1440 482 1507 quaein
497 1438 570 1492 bello
588 1439 663 1490 vario
680 1441 709 1491 et
724 1437 873 1490 multarum
889 1452 981 1489 rerum

130 1515 222 1584 egenti
233 1516 294 1568 usui
310 1531 369 1568 csse
382 1514 476 1568 solent
513 1514 643 1568 Ceterum
657 1513 694 1566 ad
710 1529 748 1577 ca,
759 1511 894 1581 patranda
905 1528 983 1565 sena·

129 1596 175 1645 tus
187 1592 357 1657 auctoritate,
375 1591 440 1643 socii
456 1606 610 1657 nomenque
623 1588 753 1642 Latinum
769 1592 798 1642 et
815 1604 893 1656 reges
908 1588 983 1641 ultro

131 1666 230 1721 auxilia
241 1666 384 1733 mittendo,
403 1671 541 1735 postremo
558 1665 647 1719 omnis
664 1665 759 1719 civitas
774 1681 878 1717 summo
890 1662 983 1718 studio

130 1742 312 1798 annitebatur.
348 1743 448 1811 Itaque
465 1760 499 1795 ex
518 1742 655 1795 sententia
671 1742 797 1794 omnibus
810 1739 893 1794 rebus
904 1757 983 1808 para-

130 1821 168 1873 tis
180 1819 390 1887 compositisque
405 1820 434 1871 in
447 1818 605 1871 Numidiam
622 1818 808 1886 proficiscitur,
824 1833 922 1885 magna
934 1833 983 1885 spe

131 1896 237 1963 civium,
253 1912 338 1963 quum
357 1898 471 1963 propter
487 1895 554 1947 artis
573 1894 664 1961 bonas,
685 1898 745 1947 tum
759 1910 893 1960 maxume,
910 1893 984 1960 quod

131 1971 277 2025 advorsum
293 1971 403 2025 divitias
420 1970 549 2023 invictum
561 1970 681 2023 animum
696 1969 816 2038 gerebat,
829 1973 858 2023 et
870 1968 985 2022 avaritia

131 2047 341 2113 magistratuum
353 2050 417 2099 ante
435 2045 464 2099 id
475 2049 585 2114 tempus
603 2046 631 2099 in
649 2045 780 2098 Numidia
796 2049 906 2098 nostrae
918 2060 985 2113 opes

131 2127 261 2177 contusae
273 2122 447 2190 hostiumque
459 2126 555 2175 auctae
568 2125 654 2175 erant.

183 2202 224 2251 44.
255 2197 311 2251 Sed
322 2196 369 2249 ubi
381 2197 409 2249 in
423 2197 545 2250 Africam
557 2198 640 2263 venit,
652 2197 787 2251 exercitus
799 2197 825 2250 ei
836 2195 957 2250 traditur
968 2211 986 2248 a

132 2274 177 2343 Sp.
198 2272 299 2326 Albino
317 2288 367 2340 pro
385 2273 494 2326 consule
511 2274 592 2339 iners,
616 2272 741 2340 imbellis,
765 2289 854 2341 neque
872 2271 985 2340 periculi

131 2365 221 2418 neque
244 2348 344 2402 laboris
364 2348 480 2417 patiens,
505 2348 598 2416 lingua
622 2366 704 2417 quam
724 2365 807 2401 manu
826 2347 984 2417 promptior,

131 2424 277 2494 praedator
289 2440 324 2476 ex
341 2424 420 2477 sociis
433 2427 462 2477 et
474 2423 534 2492 ipse
546 2425 649 2492 pracda
660 2425 788 2491 hostium,
802 2424 860 2477 sine
871 2421 986 2490 imperio

132 2506 161 2555 et
174 2499 308 2552 modestia
324 2499 442 2554 habitus.
480 2500 525 2552 lta
541 2500 701 2568 imperatori
719 2517 789 2553 novo
804 2499 866 2568 plus
882 2514 917 2552 cx
930 2514 986 2550 ma·

132 2577 166 2630 lis
183 2575 304 2629 moribus
319 2575 509 2629 sollicitudinis
527 2593 609 2643 quam
625 2593 660 2630 ex
677 2578 754 2644 copia
770 2575 887 2629 militum
904 2573 987 2626 auxili
1081 2613 1085 2624 .

132 2656 181 2706 aut
206 2651 263 2719 spei
287 2652 375 2705 bonae
400 2651 556 2706 accedebat.
601 2653 706 2706 Statuit
730 2657 823 2706 tamen
850 2649 986 2713 Metellus,

133 2743 297 2797 quamquain
310 2730 339 2780 et
354 2729 520 2781 aestivorum
535 2732 645 2797 teinpus
660 2729 831 2782 comitiorum
847 2721 924 2778 mora
938 2725 987 2777 irn-

132 2804 277 2871 minuerat,
295 2807 325 2857 et
343 2805 550 2873 exspectatione
574 2807 688 2858 eventus
707 2804 805 2856 civium
830 2802 932 2855 animos
949 2801 988 2853 in-

132 2883 225 2933 tentos
243 2878 368 2948 putabat,
387 2896 441 2933 non
458 2880 534 2947 prius
551 2879 654 2932 bellum
676 2880 814 2947 attingere
832 2893 914 2946 quam
932 2892 987 2929 ma-

129 2954 222 3022 jorum
235 2955 378 3023 disciplina
394 2955 496 3008 milites
511 2954 637 3008 laborare
656 2956 796 3022 coegisset.
825 2953 897 3006 Nam
911 2951 989 3004 Albi-

133 3046 184 3083 nus
198 3030 263 3083 Auli
275 3031 369 3083 fratris
387 3032 579 3099 exercitusque
592 3030 670 3084 clade
686 3031 834 3099 perculsus,
843 3033 988 3098 postquam

134 3104 295 3159 decreverat
306 3122 360 3159 non
377 3106 472 3173 egredi
490 3106 636 3174 provincia,
650 3111 781 3175 quantum
799 3105 990 3172 temporisne

134 3179 266 3232 stivorum
278 3181 306 3232 in
321 3181 436 3249 imperio
448 3181 510 3247 fuit,
521 3180 684 3250 plerumque
696 3181 797 3235 milites
809 3180 919 3235 stativis
931 3194 989 3234 oas-
