2275 3425
277 208 279 211 Ι
310 187 315 197 ,
484 141 691 192 sacoaras.
983 106 1012 192 aa

164 220 225 274 cide
238 219 417 292 modesteque
429 222 503 276 iuter
516 238 546 276 se
562 239 622 275 rem
635 222 774 290 publicam
790 223 955 290 tractabant,
970 240 1014 277 ne-

164 291 217 364 que
239 297 343 366 gloriae
363 315 453 368 neque
477 298 670 352 dominationis
691 302 831 353 certamen
851 299 926 353 iuter
949 299 1014 353 civis

163 377 239 439 erat;
259 377 350 427 metus
367 375 474 428 hostilis
490 375 518 428 iu
537 374 615 428 bonis
633 375 737 428 artibus
756 375 895 429 civitatem
916 375 1015 429 retine·

162 445 217 503 bat.
247 449 303 503 Sed
314 450 361 503 ubi
373 450 420 504 illa
431 451 548 504 formido
561 451 699 505 mentibus
712 450 844 519 discessit,
858 452 962 506 scilieet
973 468 1012 508 ea.

163 542 233 594 quae
244 542 289 579 res
306 526 442 580 secundae
454 531 553 592 amant,
567 527 676 581 lascivia
692 530 775 596 atque
791 528 918 596 superbia
928 529 1012 582 inces-

163 617 229 656 sere.
266 602 319 669 Ita,
336 602 417 671 ¹quod
439 603 468 655 in
488 603 612 657 advorsis
633 602 717 658 rebus
738 607 901 672 optaverant
921 605 1013 663 otium

162 680 306 747 postquam
318 679 412 746 adepti
429 683 500 748 sunt,
509 680 633 748 asperius
645 679 824 748 acerbiusque
840 680 899 734 fuit.
930 680 957 733 N
958 696 1012 733 am-

162 769 216 821 que
230 770 345 824 coepere
360 755 488 810 nobilitas
501 755 670 823 dignitatem,
685 756 802 825 populus
817 755 973 810 libertatem
986 756 1012 808 in

67 844 77 856 ·
162 828 310 884 lubidinem
322 835 439 899 vortere,
457 831 509 885 sibi
524 832 640 900 quisque
655 832 764 898 ducere,
777 832 895 900 trahere,
908 848 1014 901 rapere.

164 905 208 959 lta
228 908 318 961 omnia
335 908 364 960 in
383 907 451 961 duas
470 910 556 977 partis
576 907 716 961 abstracta
736 912 815 973 sunt;
833 924 879 962 res
898 908 1013 977 publica,

161 999 231 1050 quae
249 983 340 1037 media
356 984 455 1051 fuerat,
474 983 629 1038 dilacerata
668 983 797 1037 Ceterum
815 984 944 1038 nobilitas
961 985 1014 1038 fae-

161 1058 235 1112 tiene
247 1060 332 1127 magis
348 1060 476 1129 pollebat,
490 1059 579 1129 plebis
591 1060 632 1113 vis
649 1060 738 1113 soluta
754 1064 839 1128 atque
852 1061 975 1128 dispersa
985 1061 1014 1112 in

161 1135 339 1189 multitudine
351 1136 439 1189 minus
451 1139 569 1204 poterat.
600 1136 752 1188 Paucorum
764 1135 878 1189 arbitrio
889 1135 953 1189 belli
966 1135 1014 1189 do-

161 1210 252 1279 mique
270 1211 441 1280 agitabatur3
457 1228 542 1280 penes
560 1211 671 1264 eosdem
689 1211 832 1279 aerarium,
851 1212 1013 1280 provinciae,

161 1288 344 1354 magistratus,
356 1287 458 1356 gloriae
474 1286 662 1356 triumphique
679 1291 773 1351 erant;
788 1286 905 1356 populus
916 1287 1014 1341 militia

161 1365 243 1431 atque
260 1363 350 1431 inopia
370 1362 553 1430 urguebatur3
571 1361 689 1431 praedas
706 1360 817 1414 bellicas
834 1362 1013 1430 imperatores

161 1454 222 1490 eum
243 1438 337 1507 paucis
354 1437 536 1507 diripiebant;
552 1438 660 1491 interea
675 1440 805 1506 parentes
823 1440 871 1491 aut
889 1441 966 1507 parvi
983 1439 1014 1491 li-

160 1512 220 1566 beri
236 1514 361 1580 militum,
376 1514 418 1566 uti
435 1514 550 1583 quisque
565 1512 714 1582 potentiori
729 1513 843 1566 confinis
859 1517 927 1582 erat,
943 1514 1013 1568 sedi-

160 1588 213 1642 bus
227 1588 406 1658 pellebantur.
443 1591 490 1644 Ita
507 1606 568 1642 cum
583 1588 708 1659 potentia
720 1589 840 1645 avaritia
855 1589 914 1643 siue
931 1590 1013 1644 modo

160 1664 351 1734 modestiaque
367 1665 504 1733 invadere,
518 1664 641 1733 polluere
659 1667 687 1718 et
703 1667 812 1719 vastare
829 1664 927 1733 omnia,
945 1666 1013 1721 nihil

160 1742 237 1809 pensi
254 1758 344 1810 neque
360 1742 447 1796 sancti
464 1741 574 1809 habere,
593 1740 684 1810 quoad
698 1745 787 1797 semet
804 1742 863 1810 ipsa
880 1744 1013 1813 praeeipi-

159 1818 237 1871 tavit.
272 1817 345 1870 Nam
362 1817 410 1870 ubi
424 1818 542 1887 primum
561 1835 596 1872 ex
610 1816 755 1871 nobilitate
769 1819 874 1887 reperti
889 1822 954 1873 sunt
965 1820 1013 1888 qui

159 1909 253 1946 veram
265 1893 381 1961 gloriam
398 1893 518 1962 injustae
532 1894 673 1962 potentiae
690 1897 896 1961 anteponerent,
908 1895 1012 1949 moveri

159 1968 255 2022 civitas
273 1973 302 2023 et
320 1968 453 2023 dissensio
471 1969 558 2023 civilis
576 1968 654 2037 quasi
672 1969 818 2037 permixtio
836 1972 928 2024 terrae
946 1971 1024 2025 oriri-

159 2045 256 2113 coepit.

211 2128 252 2176 42.
285 2123 357 2176 Nam
374 2126 520 2191 postquam
538 2122 663 2177 Tiberius
681 2126 710 2177 et
729 2121 758 2177 G.
778 2122 926 2191 Gracchus,
948 2140 1016 2193 quo.

158 2215 221 2252 rum
236 2199 355 2266 majores
373 2199 475 2253 Punice
486 2201 570 2267 atque
586 2198 647 2252 aliis
663 2198 742 2252 bellis
749 2199 871 2252 multum
887 2199 928 2252 rei
944 2200 1012 2268 pub-

158 2276 228 2330 licae
251 2274 427 2341 addiderant,
449 2274 587 2327 vindicare
609 2273 719 2342 plebem
746 2274 774 2327 iu
798 2274 959 2329 libertatem
983 2279 1012 2329 et

158 2368 307 2421 paucorum
330 2351 433 2405 seelera
455 2350 612 2420 patefacere
636 2366 757 2419 coepere,
780 2350 908 2405 nobilitas
931 2351 1013 2405 noxia

159 2432 242 2495 atquc
254 2444 286 2480 eo
302 2427 434 2495 perculsa,
451 2426 533 2479 modo
548 2442 599 2495 per
611 2427 698 2480 socios
714 2442 746 2480 ac
759 2443 858 2481 nomen
875 2426 1012 2496 Latinum,

159 2504 299 2557 interdum
316 2519 367 2571 per
384 2502 492 2571 equites
511 2502 655 2568 Romanos,
673 2518 743 2570 quos
761 2519 824 2571 spes
842 2503 980 2557 societatis
995 2520 1012 2556 a

63 2639 68 2647 .
159 2579 240 2647 plebe
258 2579 417 2645 dimoverat,
435 2578 620 2631 Gracchorum
638 2577 790 2631 actionibus
808 2577 915 2631 ebriam
932 2578 1010 2645 ierat,

160 2659 189 2709 et
206 2656 295 2724 primo
310 2653 457 2720 Tiberium,
475 2653 540 2706 dein
555 2669 657 2722 paucos
674 2656 738 2721 post
754 2668 838 2706 annos
856 2653 953 2706 eadem
971 2654 1011 2706 in·

159 2731 331 2798 gredientem
350 2730 453 2797 Gaium,
472 2729 613 2783 tribunum
635 2728 760 2794 alterum,
781 2728 898 2781 alterum
917 2728 1028 2786 trium-¹

160 2807 248 2859 virum
265 2806 376 2860 coloniis
392 2804 563 2859 deducundis
580 2820 642 2857 eum
661 2802 699 2855 M.
712 2802 809 2855 Fulvio
826 2802 924 2858 Flacco
937 2802 1011 2855 ferro

160 2885 311 2937 necaverat.
347 2881 383 2935 Et
402 2896 467 2933 sane
488 2880 619 2933 Gracchis
637 2877 765 2945 cupidine
785 2876 917 2930 victoriae
936 2876 1012 2931 haud

160 2958 227 3011 satis
239 2958 396 3011 moderatus
412 2956 518 3009 animus
529 2956 590 3008 fuit.
626 2953 682 3007 Sed
697 2951 769 3004 bono
785 2951 856 3004 vinei
870 2951 956 3004 satius
967 2958 1011 3007 est

160 3049 243 3101 quarn
261 3033 332 3086 malo
350 3049 426 3086 more
443 3031 570 3098 injuriam
588 3028 702 3080 vincere.
740 3025 829 3091 Igitur
846 3041 879 3077 ea
897 3025 1011 3079 victoria

158 3109 287 3163 nobilitas
303 3126 338 3163 ex
353 3107 476 3161 lubidine
492 3121 540 3157 sua
554 3119 604 3156 usa
619 3099 720 3153 multos
735 3097 859 3150 mortalis
874 3098 947 3151 ferro
962 3104 1011 3153 aut

158 3186 225 3254 fuga
242 3185 382 3251 exstinxit,
397 3181 514 3251 plusque
532 3178 560 3229 in
576 3175 712 3241 reliquum
730 3171 783 3224 sibi
803 3171 910 3225 timoris
927 3188 1010 3239 quam
