2275 3425
482 111 668 160 CATILINA.

147 190 246 247 domos
261 195 346 262 atque
359 192 437 246 villas
449 191 608 260 cognoveris
624 192 652 253 in
668 190 778 245 urbium
794 191 906 246 modum
922 207 1003 246 enac

149 268 280 336 dificatas,
300 268 389 323 risere
413 268 517 337 templa
538 266 660 334 deorum,
680 284 751 336 quae
775 268 860 321 nostri
883 268 1003 337 majores

148 345 353 413 religiosissumi
368 344 499 399 mortales
509 345 607 399 iecere.
643 343 748 398 Verum
760 344 800 397 illi
812 343 929 400 delubra
940 344 1003 398 deo

147 438 209 475 rum
220 422 333 491 pietate,
346 421 442 475 domos
456 438 519 475 suas
534 420 623 489 gloria
635 419 809 486 decorabant,
821 437 910 489 neque
922 421 1002 475 victis

147 497 293 567 quicquam
309 501 423 565 praeter
438 496 555 565 injuriae
571 497 709 550 licentiam
722 496 881 565 eripiebant.
916 500 958 550 At
973 497 1001 549 hi

147 579 246 627 contra
258 573 436 641 ignavissumi
452 574 576 626 homines
589 589 640 641 per
655 589 791 642 surqmum
807 573 895 626 scelus
911 573 1002 626 omnia

147 665 181 702 ea
196 650 275 702 sociis
291 649 422 718 adimere,
435 666 505 718 quae
519 648 670 702 fortissumi
682 647 735 700 viri
747 648 866 702 victores
877 647 1002 702 hostibus

146 724 329 793 reliquerant;
350 725 467 794 proinde
485 725 563 794 quasi
584 723 713 793 injuriam
731 725 823 778 fucere
841 723 872 777 id
889 725 999 778 demum

147 805 221 855 esset
231 802 346 870 imperio
357 802 405 856 uti.
484 827 486 830 ·

200 883 239 931 13.
274 877 346 931 Nam
371 878 439 947 quid
462 894 496 932 ea
519 894 677 944 memorem,
701 893 773 946 quae
796 877 849 931 nisi
873 875 929 946 [iis]
953 878 999 945 qui

145 952 239 1007 videro
259 954 361 1008 nemini
380 954 524 1010 credibilia
544 957 617 1020 sunt,
637 971 655 1007 a
674 952 790 1022 privatis
814 952 1000 1022 compluribus

146 1028 290 1087 subvorsos
306 1031 416 1098 montis,
433 1031 519 1085 maria
535 1033 692 1083 constructa
707 1046 775 1083 esse.
812 1029 917 1094 Quibus
933 1029 1000 1082 mihi

114 1133 117 1136 ·
145 1106 274 1160 ridentur
290 1105 409 1160 ludibrio
426 1107 510 1161 fuisse
527 1106 657 1170 divitiae3
676 1106 786 1176 quippe,
801 1122 869 1175 quas
885 1105 1000 1159 honeste

144 1181 246 1236 habere
269 1182 378 1251 licebat,
402 1184 480 1237 abuti
504 1200 554 1252 per
578 1182 780 1252 turpitudinem
807 1181 999 1251 properabant.

145 1257 201 1312 Sed
221 1258 315 1313 lubido
334 1260 431 1328 stupri,
449 1277 553 1328 ganeae
572 1259 713 1326 ceterique
731 1258 822 1312 cultus
840 1275 893 1311 non
910 1258 1000 1312 minor

44 1345 47 1350 ’
144 1334 308 1399 incesserat;
328 1335 380 1388 riri
398 1335 542 1390 muliebria
559 1335 626 1404 pati,
645 1334 775 1388 mulieres
792 1334 953 1402 pudicitiam
970 1334 998 1387 in

143 1411 287 1478 propatulo
301 1410 419 1477 habere;
436 1410 565 1466 vescendi
578 1427 674 1465 caussa
686 1413 762 1463 terra
773 1411 896 1477 marique
908 1409 999 1463 omnia

144 1487 303 1554 exquirer03
322 1486 442 1541 dormire
453 1489 625 1556 priusquam
638 1486 725 1539 somni
737 1484 838 1555 cupido
850 1489 931 1551 esset,
943 1501 997 1539 non

143 1561 242 1616 famem
261 1567 310 1616 aut
327 1563 409 1628 sitim,
426 1580 516 1632 neque
532 1563 621 1630 frigus
637 1577 728 1629 neque
746 1560 934 1615 lassitudinem
953 1578 998 1630 op

143 1639 235 1707 periri,
246 1639 295 1692 sod
307 1655 339 1693 ea
351 1639 442 1693 omnia
450 1638 517 1692 luxu
526 1642 698 1705 antecapere.
725 1637 803 1691 Haec
811 1637 997 1705 juventutem,

143 1716 190 1768 ubi
202 1716 349 1770 familiares
362 1733 427 1785 opes
440 1717 608 1781 deiecerant,
619 1714 656 1768 ad
667 1714 789 1768 facinora
800 1712 998 1779 incendebant;

142 1793 248 1845 animus
267 1791 390 1846 imbutus
411 1793 489 1845 malis
510 1791 617 1846 artibus
637 1790 710 1844 haud
730 1790 810 1844 facile
828 1789 997 1843 lubidinibus

142 1867 267 1931 carebat;
294 1883 326 1923 eo
347 1869 485 1936 profusius
506 1867 633 1922 omnibus
654 1865 744 1920 modis
766 1866 894 1934 quaestui
911 1869 996 1936 atquc

143 1945 264 2013 sumptui
277 1944 388 1999 deditus
400 1950 467 1999 erat.

196 2026 235 2074 14.
271 2021 305 2073 In
322 2024 400 2075 tantu
418 2024 531 2090 tamque
549 2023 680 2089 corrupta
695 2019 808 2075 civitate
824 2017 949 2086 Catilina,
966 2019 995 2073 id

142 2098 216 2164 quod
231 2097 306 2151 factu
321 2096 489 2150 facillumum
504 2101 573 2162 erat,
589 2096 710 2150 omnium
727 2095 895 2164 flagitiorum
911 2099 995 2162 atquo

140 2173 290 2227 facinorum
299 2173 401 2227 circum
411 2189 440 2227 se
449 2176 593 2241 tamquam
603 2172 769 2241 stipatorum
778 2174 902 2261 mliii&
908 2170 996 2249 *liabe-
1044 2221 1047 2225 ,

141 2244 196 2302 bat.
231 2248 303 2302 Nam
316 2249 481 2318 quicumque
494 2248 656 2316 impudicus,
668 2248 786 2315 adulter,
797 2245 892 2315 ganeo,
904 2263 995 2320 manu,

141 2326 245 2392 ventre,
263 2341 333 2393 pene
353 2324 426 2379 bona
446 2325 538 2395 patria
558 2325 736 2393 laceraverat,
756 2324 859 2393 quique
877 2323 993 2377 alienum

141 2417 188 2454 aes
203 2400 309 2469 grande
325 2400 501 2469 conflaverat,
514 2417 568 2470 quo
587 2400 721 2469 flagitium
737 2403 785 2454 aut
800 2398 907 2452 facinus
924 2399 995 2452 redi-

141 2480 237 2544 meret,
258 2480 404 2546 praeterea
425 2494 520 2532 omnes
539 2477 662 2545 undique
682 2475 842 2546 parricidae,
862 2474 994 2543 sacrilegi,

141 2552 257 2607 cundati
274 2552 389 2621 judiciis
409 2555 458 2606 aut
478 2569 529 2622 pro
548 2552 629 2607 iactis
644 2552 779 2622 judicium
800 2552 937 2618 umentes,
957 2549 994 2602 ad

140 2628 193 2682 hoc
213 2644 282 2697 quos
307 2645 405 2682 manus
428 2633 512 2698 atque
535 2629 629 2698 lingua
648 2628 770 2698 perjurio
793 2630 842 2681 aut
863 2626 994 2694 sanguine

141 2704 215 2758 civili
234 2704 335 2772 alebat,
355 2708 493 2773 postremo
512 2722 613 2773 omnes,
632 2722 701 2774 quos
717 2703 858 2772 flagitium,
876 2704 993 2770 egestas,

141 2781 263 2834 conscius
281 2780 388 2834 animus
405 2781 570 2850 exagitabat,
586 2782 615 2835 bi
628 2780 762 2835 Catilinae
778 2778 903 2848 proxumi
917 2776 994 2829 fami-

141 2856 279 2925 liaresque
290 2861 376 2911 erant.
413 2857 517 2922 Quodsi
535 2858 598 2927 quis
615 2857 698 2911 etiam
716 2872 733 2909 a
750 2855 829 2923 culpa
846 2867 947 2905 vacuus
964 2851 992 2904 in

142 2933 289 2987 amicitiam
301 2933 362 3001 ejus
373 2934 515 3001 inciderat,
524 2933 685 3002 quotidiano
696 2947 749 2984 usu
760 2933 845 2997 atque
857 2925 993 2979 illecebris
1014 2960 1017 2965 >

142 3008 220 3063 facile
237 3024 288 3077 par
306 3009 454 3078 similisque
468 3010 569 3064 ceteris
583 3007 757 3062 efficiebatur.
794 3002 849 3057 Sed
864 3015 992 3085 uranumo

142 3084 359 3140 adulescentium
382 3085 585 3139 familiaritates
604 3081 768 3151 appetebat;
794 3092 887 3160 eorum
908 3089 990 3125 anmn

144 3161 240 3217 molles
252 3165 281 3216 et
293 3165 385 3217 aetate
397 3159 464 3216 fluxi
477 3160 546 3214 dolis
562 3158 637 3213 haud
651 3156 796 3210 difficulter
806 3146 990 3217 capiebantur.
1007 3216 1009 3235 E
