<?xml version="1.0" encoding="UTF-8"?>
<!DOCTYPE html PUBLIC "-//W3C//DTD XHTML 1.0 Transitional//EN"
    "http://www.w3.org/TR/xhtml1/DTD/xhtml1-transitional.dtd">
<html xmlns="http://www.w3.org/1999/xhtml" xml:lang="en" lang="en">
 <head>
  <title>
</title>
<meta http-equiv="Content-Type" content="text/html;charset=utf-8" />
  <meta name='ocr-system' content='tesseract 3.04.00' />
  <meta name='ocr-capabilities' content='ocr_page ocr_carea ocr_par ocr_line ocrx_word'/>
</head>
<body>
  <div class='ocr_page' id='page_1' title='image "./csallusticrispi00longgoog_0070.png"; bbox 0 0 2275 3425; ppageno 0'>
   <div class='ocr_carea' id='block_1_1' title="bbox 112 101 715 158">
    <p class='ocr_par' dir='ltr' id='par_1_1' title="bbox 112 101 715 158">
     <span class='ocr_line' id='line_1_1' title="bbox 112 101 715 158; baseline -0.015 0"><span class='ocrx_word' id='word_1_1' title='bbox 112 112 144 158; x_wconf 79' lang='lat'>56</span> <span class='ocrx_word' id='word_1_2' title='bbox 358 109 386 153; x_wconf 76' lang='lat' dir='ltr'>U.</span> <span class='ocrx_word' id='word_1_3' title='bbox 405 103 579 152; x_wconf 81' lang='lat' dir='ltr'>SALLUSTI</span> <span class='ocrx_word' id='word_1_4' title='bbox 596 101 715 151; x_wconf 84' lang='lat' dir='ltr'>CRISPI</span> 
     </span>
    </p>
   </div>
   <div class='ocr_carea' id='block_1_2' title="bbox 111 182 963 640">
    <p class='ocr_par' dir='ltr' id='par_1_2' title="bbox 111 182 963 640">
     <span class='ocr_line' id='line_1_2' title="bbox 111 182 963 255; baseline -0.007 -13"><span class='ocrx_word' id='word_1_5' title='bbox 111 191 139 241; x_wconf 95' lang='lat' dir='ltr'>in</span> <span class='ocrx_word' id='word_1_6' title='bbox 159 187 257 242; x_wconf 90' lang='lat' dir='ltr'>diebus</span> <span class='ocrx_word' id='word_1_7' title='bbox 273 185 413 255; x_wconf 81' lang='lat' dir='ltr'>proxumis</span> <span class='ocrx_word' id='word_1_8' title='bbox 431 183 526 237; x_wconf 92' lang='lat' dir='ltr'>decem</span> <span class='ocrx_word' id='word_1_9' title='bbox 546 183 628 236; x_wconf 86' lang='lat' dir='ltr'>Italia</span> <span class='ocrx_word' id='word_1_10' title='bbox 648 182 822 237; x_wconf 85' lang='lat' dir='ltr'>decederent</span> <span class='ocrx_word' id='word_1_11' title='bbox 863 182 963 237; x_wconf 79' lang='lat' dir='ltr'>Consul</span> 
     </span>
     <span class='ocr_line' id='line_1_3' title="bbox 112 257 963 326; baseline -0.004 -9"><span class='ocrx_word' id='word_1_12' title='bbox 112 263 240 317; x_wconf 81' lang='lat' dir='ltr'>Numidis</span> <span class='ocrx_word' id='word_1_13' title='bbox 257 278 292 315; x_wconf 91' lang='lat' dir='ltr'>ex</span> <span class='ocrx_word' id='word_1_14' title='bbox 310 260 398 314; x_wconf 90' lang='lat' dir='ltr'>senati</span> <span class='ocrx_word' id='word_1_15' title='bbox 415 260 528 313; x_wconf 89' lang='lat' dir='ltr'>decreto</span> <span class='ocrx_word' id='word_1_16' title='bbox 544 259 665 312; x_wconf 89' lang='lat' dir='ltr'>nuntiari</span> <span class='ocrx_word' id='word_1_17' title='bbox 681 257 778 326; x_wconf 90' lang='lat' dir='ltr'>jubet;</span> <span class='ocrx_word' id='word_1_18' title='bbox 797 259 837 312; x_wconf 89' lang='lat' dir='ltr'>ita</span> <span class='ocrx_word' id='word_1_19' title='bbox 853 260 963 314; x_wconf 85' lang='lat' dir='ltr'>iniectis</span> 
     </span>
     <span class='ocr_line' id='line_1_4' title="bbox 111 335 963 405; baseline -0.005 -11"><span class='ocrx_word' id='word_1_20' title='bbox 111 342 194 395; x_wconf 88' lang='lat' dir='ltr'>rebus</span> <span class='ocrx_word' id='word_1_21' title='bbox 205 339 244 392; x_wconf 91' lang='lat' dir='ltr'>illi</span> <span class='ocrx_word' id='word_1_22' title='bbox 257 339 367 392; x_wconf 90' lang='lat' dir='ltr'>domum</span> <span class='ocrx_word' id='word_1_23' title='bbox 379 336 532 391; x_wconf 84' lang='lat' dir='ltr'>discedunt</span> <span class='ocrx_word' id='word_1_24' title='bbox 563 336 679 388; x_wconf 77' lang='lat' dir='ltr'>Interim</span> <span class='ocrx_word' id='word_1_25' title='bbox 690 335 854 404; x_wconf 78' lang='lat' dir='ltr'>Calpurnius</span> <span class='ocrx_word' id='word_1_26' title='bbox 865 341 963 405; x_wconf 88' lang='lat' dir='ltr'>parato</span> 
     </span>
     <span class='ocr_line' id='line_1_5' title="bbox 112 411 963 482; baseline -0.005 -11"><span class='ocrx_word' id='word_1_27' title='bbox 112 417 234 472; x_wconf 83' lang='lat' dir='ltr'>exercitu</span> <span class='ocrx_word' id='word_1_28' title='bbox 258 415 334 482; x_wconf 84' lang='lat' dir='ltr'>legat</span> <span class='ocrx_word' id='word_1_29' title='bbox 354 412 406 467; x_wconf 92' lang='lat' dir='ltr'>sibi</span> <span class='ocrx_word' id='word_1_30' title='bbox 425 412 548 466; x_wconf 91' lang='lat' dir='ltr'>homines</span> <span class='ocrx_word' id='word_1_31' title='bbox 566 411 671 475; x_wconf 90' lang='lat' dir='ltr'>nobilis,</span> <span class='ocrx_word' id='word_1_32' title='bbox 691 412 827 480; x_wconf 88' lang='lat' dir='ltr'>factiosos,</span> <span class='ocrx_word' id='word_1_33' title='bbox 847 430 963 481; x_wconf 88' lang='lat' dir='ltr'>quorum</span> 
     </span>
     <span class='ocr_line' id='line_1_6' title="bbox 111 487 962 560; baseline -0.002 -14"><span class='ocrx_word' id='word_1_34' title='bbox 111 493 275 548; x_wconf 88' lang='lat' dir='ltr'>auctoritate</span> <span class='ocrx_word' id='word_1_35' title='bbox 296 505 368 560; x_wconf 91' lang='lat' dir='ltr'>quae</span> <span class='ocrx_word' id='word_1_36' title='bbox 386 489 547 557; x_wconf 78' lang='lat' dir='ltr'><strong>deliquisset</strong></span> <span class='ocrx_word' id='word_1_37' title='bbox 566 488 672 542; x_wconf 90' lang='lat' dir='ltr'>munita</span> <span class='ocrx_word' id='word_1_38' title='bbox 691 488 751 542; x_wconf 86' lang='lat' dir='ltr'>fore</span> <span class='ocrx_word' id='word_1_39' title='bbox 770 487 916 557; x_wconf 81' lang='lat' dir='ltr'>sperabat3</span> <span class='ocrx_word' id='word_1_40' title='bbox 933 492 962 544; x_wconf 87' lang='lat' dir='ltr'>in</span> 
     </span>
     <span class='ocr_line' id='line_1_7' title="bbox 112 563 962 640; baseline -0.006 -16"><span class='ocrx_word' id='word_1_41' title='bbox 112 571 172 640; x_wconf 92' lang='lat' dir='ltr'>quis</span> <span class='ocrx_word' id='word_1_42' title='bbox 188 570 241 623; x_wconf 83' lang='lat' dir='ltr'>fuit</span> <span class='ocrx_word' id='word_1_43' title='bbox 253 568 378 632; x_wconf 76' lang='lat' dir='ltr'><strong>Scaurus,</strong></span> <span class='ocrx_word' id='word_1_44' title='bbox 391 565 468 634; x_wconf 90' lang='lat' dir='ltr'>cujus</span> <span class='ocrx_word' id='word_1_45' title='bbox 481 565 516 618; x_wconf 92' lang='lat' dir='ltr'>de</span> <span class='ocrx_word' id='word_1_46' title='bbox 533 570 632 619; x_wconf 91' lang='lat' dir='ltr'>natura</span> <span class='ocrx_word' id='word_1_47' title='bbox 648 568 680 617; x_wconf 88' lang='lat' dir='ltr'>et</span> <span class='ocrx_word' id='word_1_48' title='bbox 692 563 790 618; x_wconf 88' lang='lat' dir='ltr'>habitu</span> <span class='ocrx_word' id='word_1_49' title='bbox 806 581 890 634; x_wconf 90' lang='lat' dir='ltr'>supra</span> <span class='ocrx_word' id='word_1_50' title='bbox 906 583 962 619; x_wconf 92' lang='lat' dir='ltr'>me-</span> 
     </span>
    </p>
   </div>
   <div class='ocr_carea' id='block_1_3' title="bbox 33 640 1057 712">
    <p class='ocr_par' dir='ltr' id='par_1_3' title="bbox 33 640 1057 712">
     <span class='ocr_line' id='line_1_8' title="bbox 33 640 1057 712; baseline -0.005 -11"><span class='ocrx_word' id='word_1_51' title='bbox 33 640 35 655; x_wconf 90' lang='lat'>&#39;</span> <span class='ocrx_word' id='word_1_52' title='bbox 111 646 282 700; x_wconf 84' lang='lat' dir='ltr'>moravimus.</span> <span class='ocrx_word' id='word_1_53' title='bbox 319 644 389 696; x_wconf 90' lang='lat' dir='ltr'>Nam</span> <span class='ocrx_word' id='word_1_54' title='bbox 407 642 435 695; x_wconf 90' lang='lat' dir='ltr'>iu</span> <span class='ocrx_word' id='word_1_55' title='bbox 454 643 563 696; x_wconf 88' lang='lat' dir='ltr'>consule</span> <span class='ocrx_word' id='word_1_56' title='bbox 581 644 676 695; x_wconf 89' lang='lat' dir='ltr'>nostro</span> <span class='ocrx_word' id='word_1_57' title='bbox 693 641 797 696; x_wconf 89' lang='lat' dir='ltr'>multae</span> <span class='ocrx_word' id='word_1_58' title='bbox 821 641 963 712; x_wconf 85' lang='lat' dir='ltr'>bonaeque</span> <span class='ocrx_word' id='word_1_59' title='bbox 1050 656 1057 672; x_wconf 81' lang='lat'><strong><em>¹</em></strong></span> 
     </span>
    </p>
   </div>
   <div class='ocr_carea' id='block_1_4' title="bbox 101 718 964 3234">
    <p class='ocr_par' dir='ltr' id='par_1_4' title="bbox 111 718 964 1326">
     <span class='ocr_line' id='line_1_9' title="bbox 111 718 964 788; baseline -0.005 -11"><span class='ocrx_word' id='word_1_60' title='bbox 111 727 187 777; x_wconf 89' lang='lat' dir='ltr'>artes</span> <span class='ocrx_word' id='word_1_61' title='bbox 199 721 281 775; x_wconf 90' lang='lat' dir='ltr'>animi</span> <span class='ocrx_word' id='word_1_62' title='bbox 293 724 322 774; x_wconf 89' lang='lat' dir='ltr'>et</span> <span class='ocrx_word' id='word_1_63' title='bbox 339 718 460 787; x_wconf 88' lang='lat' dir='ltr'>corporis</span> <span class='ocrx_word' id='word_1_64' title='bbox 473 723 559 786; x_wconf 88' lang='lat' dir='ltr'>erant,</span> <span class='ocrx_word' id='word_1_65' title='bbox 572 735 640 788; x_wconf 88' lang='lat' dir='ltr'>quas</span> <span class='ocrx_word' id='word_1_66' title='bbox 657 719 744 772; x_wconf 91' lang='lat' dir='ltr'>omnis</span> <span class='ocrx_word' id='word_1_67' title='bbox 759 718 874 773; x_wconf 87' lang='lat' dir='ltr'>avaritia</span> <span class='ocrx_word' id='word_1_68' title='bbox 887 736 964 788; x_wconf 82' lang='lat' dir='ltr'>prae</span> 
     </span>
     <span class='ocr_line' id='line_1_10' title="bbox 111 787 962 870; baseline -0.007 -16"><span class='ocrx_word' id='word_1_69' title='bbox 111 800 257 870; x_wconf 89' lang='lat' dir='ltr'>pediebat;</span> <span class='ocrx_word' id='word_1_70' title='bbox 273 796 381 866; x_wconf 89' lang='lat' dir='ltr'>patiens</span> <span class='ocrx_word' id='word_1_71' title='bbox 392 795 523 861; x_wconf 90' lang='lat' dir='ltr'>laborum,</span> <span class='ocrx_word' id='word_1_72' title='bbox 537 787 593 848; x_wconf 78' lang='lat' dir='ltr'>aori</span> <span class='ocrx_word' id='word_1_73' title='bbox 605 794 720 862; x_wconf 85' lang='lat' dir='ltr'>ingenio,</span> <span class='ocrx_word' id='word_1_74' title='bbox 729 795 797 849; x_wconf 91' lang='lat' dir='ltr'>satis</span> <span class='ocrx_word' id='word_1_75' title='bbox 809 795 962 864; x_wconf 80' lang='lat' dir='ltr'>providens,</span> 
     </span>
     <span class='ocr_line' id='line_1_11' title="bbox 111 871 963 941; baseline -0.006 -11"><span class='ocrx_word' id='word_1_76' title='bbox 111 876 176 930; x_wconf 89' lang='lat' dir='ltr'>belli</span> <span class='ocrx_word' id='word_1_77' title='bbox 187 876 262 929; x_wconf 92' lang='lat' dir='ltr'>haud</span> <span class='ocrx_word' id='word_1_78' title='bbox 278 875 395 941; x_wconf 82' lang='lat' dir='ltr'>ignarus,</span> <span class='ocrx_word' id='word_1_79' title='bbox 409 871 589 925; x_wconf 87' lang='lat' dir='ltr'>firmissumus</span> <span class='ocrx_word' id='word_1_80' title='bbox 606 875 702 924; x_wconf 90' lang='lat' dir='ltr'>contra</span> <span class='ocrx_word' id='word_1_81' title='bbox 718 871 840 941; x_wconf 85' lang='lat' dir='ltr'>pericula</span> <span class='ocrx_word' id='word_1_82' title='bbox 852 875 881 925; x_wconf 90' lang='lat' dir='ltr'>et</span> <span class='ocrx_word' id='word_1_83' title='bbox 899 872 963 925; x_wconf 87' lang='lat' dir='ltr'>insi-</span> 
     </span>
     <span class='ocr_line' id='line_1_12' title="bbox 112 947 963 1018; baseline -0.005 -12"><span class='ocrx_word' id='word_1_84' title='bbox 112 954 178 1005; x_wconf 87' lang='lat' dir='ltr'>dias.</span> <span class='ocrx_word' id='word_1_85' title='bbox 214 951 270 1005; x_wconf 85' lang='lat' dir='ltr'>Sed</span> <span class='ocrx_word' id='word_1_86' title='bbox 287 950 406 1018; x_wconf 77' lang='lat' dir='ltr'>legiones</span> <span class='ocrx_word' id='word_1_87' title='bbox 424 965 474 1017; x_wconf 91' lang='lat' dir='ltr'>per</span> <span class='ocrx_word' id='word_1_88' title='bbox 498 947 609 1000; x_wconf 86' lang='lat' dir='ltr'>Italiam</span> <span class='ocrx_word' id='word_1_89' title='bbox 635 947 778 1015; x_wconf 78' lang='lat' dir='ltr'>Rhegium,</span> <span class='ocrx_word' id='word_1_90' title='bbox 797 950 881 1016; x_wconf 88' lang='lat' dir='ltr'>atque</span> <span class='ocrx_word' id='word_1_91' title='bbox 898 949 963 1002; x_wconf 90' lang='lat' dir='ltr'>inde</span> 
     </span>
     <span class='ocr_line' id='line_1_13' title="bbox 113 1023 963 1096; baseline -0.006 -13"><span class='ocrx_word' id='word_1_92' title='bbox 113 1029 237 1093; x_wconf 81' lang='lat' dir='ltr'>Siciliam,</span> <span class='ocrx_word' id='word_1_93' title='bbox 248 1043 330 1096; x_wconf 87' lang='lat' dir='ltr'>porro</span> <span class='ocrx_word' id='word_1_94' title='bbox 339 1043 373 1079; x_wconf 85' lang='lat' dir='ltr'>ex</span> <span class='ocrx_word' id='word_1_95' title='bbox 386 1023 518 1078; x_wconf 82' lang='lat' dir='ltr'>Siciliain</span> <span class='ocrx_word' id='word_1_96' title='bbox 531 1023 655 1076; x_wconf 87' lang='lat' dir='ltr'>Africam</span> <span class='ocrx_word' id='word_1_97' title='bbox 667 1026 847 1077; x_wconf 88' lang='lat' dir='ltr'>transvectae.</span> <span class='ocrx_word' id='word_1_98' title='bbox 871 1024 963 1091; x_wconf 77' lang='lat' dir='ltr'>Igitur</span> 
     </span>
     <span class='ocr_line' id='line_1_14' title="bbox 113 1098 963 1175; baseline -0.007 -15"><span class='ocrx_word' id='word_1_99' title='bbox 113 1105 276 1175; x_wconf 77' lang='lat' dir='ltr'>Calpurnius</span> <span class='ocrx_word' id='word_1_100' title='bbox 285 1102 362 1156; x_wconf 90' lang='lat' dir='ltr'>initio</span> <span class='ocrx_word' id='word_1_101' title='bbox 373 1101 478 1170; x_wconf 88' lang='lat' dir='ltr'>paratis</span> <span class='ocrx_word' id='word_1_102' title='bbox 486 1098 683 1152; x_wconf 81' lang='lat' dir='ltr'>commeatibus</span> <span class='ocrx_word' id='word_1_103' title='bbox 691 1098 793 1152; x_wconf 87' lang='lat' dir='ltr'>aeriter</span> <span class='ocrx_word' id='word_1_104' title='bbox 803 1099 963 1154; x_wconf 82' lang='lat' dir='ltr'>Numidiam</span> 
     </span>
     <span class='ocr_line' id='line_1_15' title="bbox 112 1173 963 1251; baseline -0.008 -15"><span class='ocrx_word' id='word_1_105' title='bbox 112 1184 250 1251; x_wconf 84' lang='lat' dir='ltr'>ingressus</span> <span class='ocrx_word' id='word_1_106' title='bbox 267 1182 317 1247; x_wconf 89' lang='lat' dir='ltr'>cst,</span> <span class='ocrx_word' id='word_1_107' title='bbox 330 1178 485 1245; x_wconf 83' lang='lat' dir='ltr'>multosque</span> <span class='ocrx_word' id='word_1_108' title='bbox 496 1173 620 1228; x_wconf 66' lang='lat' dir='ltr'>mortalis</span> <span class='ocrx_word' id='word_1_109' title='bbox 637 1177 667 1229; x_wconf 92' lang='lat' dir='ltr'>et</span> <span class='ocrx_word' id='word_1_110' title='bbox 683 1173 761 1228; x_wconf 90' lang='lat' dir='ltr'>urbis</span> <span class='ocrx_word' id='word_1_111' title='bbox 773 1174 879 1244; x_wconf 82' lang='lat' dir='ltr'>aliquot</span> <span class='ocrx_word' id='word_1_112' title='bbox 896 1193 963 1246; x_wconf 83' lang='lat' dir='ltr'>pug-</span> 
     </span>
     <span class='ocr_line' id='line_1_16' title="bbox 112 1257 293 1326; baseline -0.011 -13"><span class='ocrx_word' id='word_1_113' title='bbox 112 1260 202 1313; x_wconf 92' lang='lat' dir='ltr'>nando</span> <span class='ocrx_word' id='word_1_114' title='bbox 213 1257 293 1326; x_wconf 90' lang='lat' dir='ltr'>cepit.</span> 
     </span>
    </p>

    <p class='ocr_par' dir='ltr' id='par_1_5' title="bbox 101 1328 964 3234">
     <span class='ocr_line' id='line_1_17' title="bbox 164 1328 963 1399; baseline -0.009 -10"><span class='ocrx_word' id='word_1_115' title='bbox 164 1341 205 1389; x_wconf 77' lang='lat'>29.</span> <span class='ocrx_word' id='word_1_116' title='bbox 240 1333 296 1388; x_wconf 74' lang='lat' dir='ltr'>b&#39;cd</span> <span class='ocrx_word' id='word_1_117' title='bbox 304 1331 353 1385; x_wconf 89' lang='lat' dir='ltr'>ubi</span> <span class='ocrx_word' id='word_1_118' title='bbox 365 1331 385 1384; x_wconf 89' lang='lat' dir='ltr'>J</span> <span class='ocrx_word' id='word_1_119' title='bbox 385 1328 505 1399; x_wconf 79' lang='lat' dir='ltr'>ugurtha</span> <span class='ocrx_word' id='word_1_120' title='bbox 516 1343 566 1395; x_wconf 88' lang='lat' dir='ltr'>per</span> <span class='ocrx_word' id='word_1_121' title='bbox 577 1328 683 1397; x_wconf 81' lang='lat' dir='ltr'>legatos</span> <span class='ocrx_word' id='word_1_122' title='bbox 697 1328 814 1396; x_wconf 87' lang='lat' dir='ltr'>pecunia</span> <span class='ocrx_word' id='word_1_123' title='bbox 824 1332 963 1398; x_wconf 89' lang='lat' dir='ltr'>temptare</span> 
     </span>
     <span class='ocr_line' id='line_1_18' title="bbox 112 1402 962 1480; baseline -0.009 -14"><span class='ocrx_word' id='word_1_124' title='bbox 112 1413 231 1479; x_wconf 80' lang='lat' dir='ltr'>bellique</span> <span class='ocrx_word' id='word_1_125' title='bbox 262 1408 336 1480; x_wconf 91' lang='lat' dir='ltr'>quod</span> <span class='ocrx_word' id='word_1_126' title='bbox 368 1403 578 1460; x_wconf 79' lang='lat' dir='ltr'>administrabat</span> <span class='ocrx_word' id='word_1_127' title='bbox 607 1402 786 1472; x_wconf 79' lang='lat' dir='ltr'>asperitatem</span> <span class='ocrx_word' id='word_1_128' title='bbox 816 1405 962 1458; x_wconf 90' lang='lat' dir='ltr'>ostendere</span> 
     </span>
     <span class='ocr_line' id='line_1_19' title="bbox 112 1479 963 1558; baseline -0.009 -14"><span class='ocrx_word' id='word_1_129' title='bbox 112 1489 210 1558; x_wconf 90' lang='lat' dir='ltr'>coepit,</span> <span class='ocrx_word' id='word_1_130' title='bbox 223 1488 328 1541; x_wconf 90' lang='lat' dir='ltr'>animus</span> <span class='ocrx_word' id='word_1_131' title='bbox 346 1501 428 1552; x_wconf 85' lang='lat' dir='ltr'>aeger</span> <span class='ocrx_word' id='word_1_132' title='bbox 445 1480 560 1535; x_wconf 79' lang='lat' dir='ltr'>avaritia</span> <span class='ocrx_word' id='word_1_133' title='bbox 576 1479 654 1532; x_wconf 87' lang='lat' dir='ltr'>facile</span> <span class='ocrx_word' id='word_1_134' title='bbox 672 1495 820 1533; x_wconf 88' lang='lat' dir='ltr'>convorsus</span> <span class='ocrx_word' id='word_1_135' title='bbox 833 1484 881 1533; x_wconf 88' lang='lat' dir='ltr'>est.</span> <span class='ocrx_word' id='word_1_136' title='bbox 912 1481 963 1536; x_wconf 81' lang='lat' dir='ltr'>Ce-</span> 
     </span>
     <span class='ocr_line' id='line_1_20' title="bbox 112 1554 963 1620; baseline -0.012 0"><span class='ocrx_word' id='word_1_137' title='bbox 112 1570 203 1620; x_wconf 90' lang='lat' dir='ltr'>terum</span> <span class='ocrx_word' id='word_1_138' title='bbox 215 1564 302 1617; x_wconf 88' lang='lat' dir='ltr'>socius</span> <span class='ocrx_word' id='word_1_139' title='bbox 315 1564 344 1615; x_wconf 89' lang='lat' dir='ltr'>et</span> <span class='ocrx_word' id='word_1_140' title='bbox 360 1559 520 1613; x_wconf 80' lang='lat' dir='ltr'>administer</span> <span class='ocrx_word' id='word_1_141' title='bbox 532 1555 653 1608; x_wconf 91' lang='lat' dir='ltr'>omnium</span> <span class='ocrx_word' id='word_1_142' title='bbox 665 1554 837 1609; x_wconf 91' lang='lat' dir='ltr'>consiliorum</span> <span class='ocrx_word' id='word_1_143' title='bbox 850 1557 963 1610; x_wconf 89' lang='lat' dir='ltr'>assumi-</span> 
     </span>
     <span class='ocr_line' id='line_1_21' title="bbox 112 1630 963 1706; baseline -0.013 -9"><span class='ocrx_word' id='word_1_144' title='bbox 112 1647 159 1697; x_wconf 89' lang='lat' dir='ltr'>tur</span> <span class='ocrx_word' id='word_1_145' title='bbox 171 1642 295 1701; x_wconf 84' lang='lat' dir='ltr'>Scaurus,</span> <span class='ocrx_word' id='word_1_146' title='bbox 302 1637 349 1706; x_wconf 91' lang='lat' dir='ltr'>qui</span> <span class='ocrx_word' id='word_1_147' title='bbox 358 1634 468 1690; x_wconf 84' lang='lat' dir='ltr'>tametsi</span> <span class='ocrx_word' id='word_1_148' title='bbox 478 1649 495 1686; x_wconf 89' lang='lat' dir='ltr'>a</span> <span class='ocrx_word' id='word_1_149' title='bbox 505 1630 637 1699; x_wconf 90' lang='lat' dir='ltr'>principio</span> <span class='ocrx_word' id='word_1_150' title='bbox 649 1630 788 1699; x_wconf 91' lang='lat' dir='ltr'>plerisque</span> <span class='ocrx_word' id='word_1_151' title='bbox 801 1632 963 1687; x_wconf 78' lang='lat' dir='ltr'>exsectione</span> 
     </span>
     <span class='ocr_line' id='line_1_22' title="bbox 113 1707 963 1789; baseline -0.012 -15"><span class='ocrx_word' id='word_1_152' title='bbox 113 1720 173 1789; x_wconf 91' lang='lat' dir='ltr'>ejus</span> <span class='ocrx_word' id='word_1_153' title='bbox 198 1716 333 1783; x_wconf 80' lang='lat' dir='ltr'>corruptis</span> <span class='ocrx_word' id='word_1_154' title='bbox 358 1727 498 1767; x_wconf 87' lang='lat' dir='ltr'>acerrume</span> <span class='ocrx_word' id='word_1_155' title='bbox 519 1726 613 1778; x_wconf 86' lang='lat' dir='ltr'>regem</span> <span class='ocrx_word' id='word_1_156' title='bbox 637 1707 852 1777; x_wconf 81' lang='lat' dir='ltr'>impugnaverat,</span> <span class='ocrx_word' id='word_1_157' title='bbox 869 1713 963 1764; x_wconf 88' lang='lat' dir='ltr'>tamen</span> 
     </span>
     <span class='ocr_line' id='line_1_23' title="bbox 101 1784 963 1864; baseline -0.013 -14"><span class='ocrx_word' id='word_1_158' title='bbox 101 1791 299 1864; x_wconf 80' lang='lat' dir='ltr'>&#39;magnitudine</span> <span class='ocrx_word' id='word_1_159' title='bbox 323 1789 454 1859; x_wconf 86' lang='lat' dir='ltr'>pecuniae</span> <span class='ocrx_word' id='word_1_160' title='bbox 473 1787 578 1839; x_wconf 88' lang='lat' dir='ltr'>abono</span> <span class='ocrx_word' id='word_1_161' title='bbox 601 1784 770 1853; x_wconf 88' lang='lat' dir='ltr'>honestoque</span> <span class='ocrx_word' id='word_1_162' title='bbox 794 1784 822 1837; x_wconf 92' lang='lat' dir='ltr'>in</span> <span class='ocrx_word' id='word_1_163' title='bbox 847 1802 963 1854; x_wconf 85' lang='lat' dir='ltr'>pravum</span> 
     </span>
     <span class='ocr_line' id='line_1_24' title="bbox 112 1859 963 1931; baseline -0.015 -4"><span class='ocrx_word' id='word_1_164' title='bbox 112 1873 267 1928; x_wconf 86' lang='lat' dir='ltr'>abstractus</span> <span class='ocrx_word' id='word_1_165' title='bbox 279 1871 329 1929; x_wconf 85' lang='lat' dir='ltr'>est.</span> <span class='ocrx_word' id='word_1_166' title='bbox 365 1864 421 1919; x_wconf 82' lang='lat' dir='ltr'>Sed</span> <span class='ocrx_word' id='word_1_167' title='bbox 433 1864 452 1916; x_wconf 89' lang='lat' dir='ltr'><strong>J</strong></span> <span class='ocrx_word' id='word_1_168' title='bbox 454 1861 573 1931; x_wconf 84' lang='lat' dir='ltr'>ugurtha</span> <span class='ocrx_word' id='word_1_169' title='bbox 590 1859 678 1929; x_wconf 89' lang='lat' dir='ltr'>primo</span> <span class='ocrx_word' id='word_1_170' title='bbox 696 1860 886 1914; x_wconf 89' lang='lat' dir='ltr'>tantummodo</span> <span class='ocrx_word' id='word_1_171' title='bbox 898 1861 963 1915; x_wconf 86' lang='lat' dir='ltr'>belli</span> 
     </span>
     <span class='ocr_line' id='line_1_25' title="bbox 112 1935 963 2005; baseline -0.015 -2"><span class='ocrx_word' id='word_1_172' title='bbox 112 1965 216 2003; x_wconf 89' lang='lat' dir='ltr'>moram</span> <span class='ocrx_word' id='word_1_173' title='bbox 228 1942 388 2005; x_wconf 82' lang='lat' dir='ltr'>redimebat,</span> <span class='ocrx_word' id='word_1_174' title='bbox 400 1940 567 1993; x_wconf 81' lang='lat' dir='ltr'>existumans</span> <span class='ocrx_word' id='word_1_175' title='bbox 586 1953 646 1989; x_wconf 90' lang='lat' dir='ltr'>sese</span> <span class='ocrx_word' id='word_1_176' title='bbox 658 1935 764 2005; x_wconf 88' lang='lat' dir='ltr'>aliquid</span> <span class='ocrx_word' id='word_1_177' title='bbox 780 1936 890 1989; x_wconf 89' lang='lat' dir='ltr'>interim</span> <span class='ocrx_word' id='word_1_178' title='bbox 909 1937 963 1990; x_wconf 76' lang='lat' dir='ltr'>Ro</span> 
     </span>
     <span class='ocr_line' id='line_1_26' title="bbox 113 2015 963 2092; baseline -0.015 -12"><span class='ocrx_word' id='word_1_179' title='bbox 113 2043 173 2080; x_wconf 87' lang='lat' dir='ltr'>mae</span> <span class='ocrx_word' id='word_1_180' title='bbox 191 2022 280 2092; x_wconf 91' lang='lat' dir='ltr'>pretio</span> <span class='ocrx_word' id='word_1_181' title='bbox 298 2021 347 2072; x_wconf 88' lang='lat' dir='ltr'>aut</span> <span class='ocrx_word' id='word_1_182' title='bbox 370 2015 459 2085; x_wconf 79' lang='lat' dir='ltr'>gratia</span> <span class='ocrx_word' id='word_1_183' title='bbox 476 2015 653 2078; x_wconf 77' lang='lat' dir='ltr'>effectumm3</span> <span class='ocrx_word' id='word_1_184' title='bbox 677 2016 774 2082; x_wconf 90' lang='lat' dir='ltr'>postea</span> <span class='ocrx_word' id='word_1_185' title='bbox 797 2029 963 2082; x_wconf 84' lang='lat' dir='ltr'>veroquam</span> 
     </span>
     <span class='ocr_line' id='line_1_27' title="bbox 112 2088 963 2172; baseline -0.014 -17"><span class='ocrx_word' id='word_1_186' title='bbox 112 2100 272 2172; x_wconf 88' lang='lat' dir='ltr'>participem</span> <span class='ocrx_word' id='word_1_187' title='bbox 284 2094 378 2162; x_wconf 86' lang='lat' dir='ltr'>negoti</span> <span class='ocrx_word' id='word_1_188' title='bbox 397 2091 528 2144; x_wconf 80' lang='lat' dir='ltr'>Scaunim</span> <span class='ocrx_word' id='word_1_189' title='bbox 546 2089 661 2157; x_wconf 90' lang='lat' dir='ltr'>accepit,</span> <span class='ocrx_word' id='word_1_190' title='bbox 673 2088 701 2140; x_wconf 93' lang='lat' dir='ltr'>in</span> <span class='ocrx_word' id='word_1_191' title='bbox 713 2105 868 2142; x_wconf 84' lang='lat' dir='ltr'>maxumam</span> <span class='ocrx_word' id='word_1_192' title='bbox 886 2106 963 2157; x_wconf 89' lang='lat' dir='ltr'>spem</span> 
     </span>
     <span class='ocr_line' id='line_1_28' title="bbox 112 2164 963 2239; baseline -0.015 -7"><span class='ocrx_word' id='word_1_193' title='bbox 112 2177 247 2233; x_wconf 89' lang='lat' dir='ltr'>adductus</span> <span class='ocrx_word' id='word_1_194' title='bbox 258 2166 462 2239; x_wconf 86' lang='lat' dir='ltr'>recuperandae</span> <span class='ocrx_word' id='word_1_195' title='bbox 473 2164 557 2232; x_wconf 87' lang='lat' dir='ltr'>pacis,</span> <span class='ocrx_word' id='word_1_196' title='bbox 564 2165 663 2219; x_wconf 86' lang='lat' dir='ltr'>statuit</span> <span class='ocrx_word' id='word_1_197' title='bbox 674 2181 735 2218; x_wconf 91' lang='lat' dir='ltr'>cum</span> <span class='ocrx_word' id='word_1_198' title='bbox 747 2165 781 2218; x_wconf 91' lang='lat' dir='ltr'>iis</span> <span class='ocrx_word' id='word_1_199' title='bbox 794 2165 829 2219; x_wconf 90' lang='lat' dir='ltr'>do</span> <span class='ocrx_word' id='word_1_200' title='bbox 839 2165 963 2219; x_wconf 90' lang='lat' dir='ltr'>omnibus</span> 
     </span>
     <span class='ocr_line' id='line_1_29' title="bbox 112 2241 963 2326; baseline -0.014 -18"><span class='ocrx_word' id='word_1_201' title='bbox 112 2251 283 2326; x_wconf 87' lang='lat' dir='ltr'>pactionibus</span> <span class='ocrx_word' id='word_1_202' title='bbox 294 2261 423 2316; x_wconf 89' lang='lat' dir='ltr'>praesens</span> <span class='ocrx_word' id='word_1_203' title='bbox 433 2258 521 2310; x_wconf 82' lang='lat' dir='ltr'>agere.</span> <span class='ocrx_word' id='word_1_204' title='bbox 541 2241 670 2295; x_wconf 86' lang='lat' dir='ltr'>Ceterum</span> <span class='ocrx_word' id='word_1_205' title='bbox 679 2242 785 2296; x_wconf 90' lang='lat' dir='ltr'>interea</span> <span class='ocrx_word' id='word_1_206' title='bbox 794 2241 859 2295; x_wconf 89' lang='lat' dir='ltr'>fidei</span> <span class='ocrx_word' id='word_1_207' title='bbox 869 2258 963 2296; x_wconf 87' lang='lat' dir='ltr'>caussa</span> 
     </span>
     <span class='ocr_line' id='line_1_30' title="bbox 113 2317 963 2387; baseline -0.02 -2"><span class='ocrx_word' id='word_1_208' title='bbox 113 2331 233 2385; x_wconf 89' lang='lat' dir='ltr'>mittitur</span> <span class='ocrx_word' id='word_1_209' title='bbox 251 2343 268 2380; x_wconf 89' lang='lat' dir='ltr'>a</span> <span class='ocrx_word' id='word_1_210' title='bbox 286 2321 396 2379; x_wconf 89' lang='lat' dir='ltr'>consule</span> <span class='ocrx_word' id='word_1_211' title='bbox 415 2319 525 2374; x_wconf 84' lang='lat' dir='ltr'>Sextius</span> <span class='ocrx_word' id='word_1_212' title='bbox 540 2321 668 2384; x_wconf 87' lang='lat' dir='ltr'>quaestor</span> <span class='ocrx_word' id='word_1_213' title='bbox 680 2318 707 2370; x_wconf 91' lang='lat' dir='ltr'>in</span> <span class='ocrx_word' id='word_1_214' title='bbox 719 2317 849 2387; x_wconf 91' lang='lat' dir='ltr'>oppidum</span> <span class='ocrx_word' id='word_1_215' title='bbox 862 2318 963 2386; x_wconf 70' lang='lat' dir='ltr'>Jugur</span> 
     </span>
     <span class='ocr_line' id='line_1_31' title="bbox 113 2394 963 2471; baseline -0.016 -11"><span class='ocrx_word' id='word_1_216' title='bbox 113 2408 178 2461; x_wconf 81' lang='lat' dir='ltr'>tlrae</span> <span class='ocrx_word' id='word_1_217' title='bbox 190 2404 312 2471; x_wconf 65' lang='lat' dir='ltr'>Vagam</span> <span class='ocrx_word' id='word_1_218' title='bbox 329 2397 407 2466; x_wconf 92' lang='lat' dir='ltr'>cujus</span> <span class='ocrx_word' id='word_1_219' title='bbox 425 2395 466 2448; x_wconf 89' lang='lat' dir='ltr'>roi</span> <span class='ocrx_word' id='word_1_220' title='bbox 484 2394 589 2462; x_wconf 89' lang='lat' dir='ltr'>species</span> <span class='ocrx_word' id='word_1_221' title='bbox 607 2395 667 2447; x_wconf 88' lang='lat' dir='ltr'>erat</span> <span class='ocrx_word' id='word_1_222' title='bbox 684 2394 806 2463; x_wconf 89' lang='lat' dir='ltr'>acceptio</span> <span class='ocrx_word' id='word_1_223' title='bbox 824 2394 963 2462; x_wconf 85' lang='lat' dir='ltr'>frumenti,</span> 
     </span>
     <span class='ocr_line' id='line_1_32' title="bbox 113 2470 963 2553; baseline -0.016 -16"><span class='ocrx_word' id='word_1_224' title='bbox 113 2482 186 2553; x_wconf 88' lang='lat' dir='ltr'>quod</span> <span class='ocrx_word' id='word_1_225' title='bbox 206 2476 369 2547; x_wconf 79' lang='lat' dir='ltr'>Calpurnius</span> <span class='ocrx_word' id='word_1_226' title='bbox 391 2471 482 2543; x_wconf 91' lang='lat' dir='ltr'>palam</span> <span class='ocrx_word' id='word_1_227' title='bbox 503 2471 603 2538; x_wconf 85' lang='lat' dir='ltr'>legatis</span> <span class='ocrx_word' id='word_1_228' title='bbox 619 2470 810 2538; x_wconf 85' lang='lat' dir='ltr'>imperaverat,</span> <span class='ocrx_word' id='word_1_229' title='bbox 836 2471 963 2539; x_wconf 89' lang='lat' dir='ltr'>quoniam</span> 
     </span>
     <span class='ocr_line' id='line_1_33' title="bbox 114 2546 963 2615; baseline -0.015 -2"><span class='ocrx_word' id='word_1_230' title='bbox 114 2556 261 2614; x_wconf 87' lang='lat' dir='ltr'>deditionis</span> <span class='ocrx_word' id='word_1_231' title='bbox 278 2569 354 2606; x_wconf 88' lang='lat' dir='ltr'>mora</span> <span class='ocrx_word' id='word_1_232' title='bbox 372 2548 498 2603; x_wconf 90' lang='lat' dir='ltr'>induciae</span> <span class='ocrx_word' id='word_1_233' title='bbox 519 2546 701 2615; x_wconf 82' lang='lat' dir='ltr'>agitabantur.</span> <span class='ocrx_word' id='word_1_234' title='bbox 738 2546 829 2615; x_wconf 81' lang='lat' dir='ltr'>igitur</span> <span class='ocrx_word' id='word_1_235' title='bbox 846 2564 903 2614; x_wconf 85' lang='lat' dir='ltr'>rex,</span> <span class='ocrx_word' id='word_1_236' title='bbox 921 2548 963 2601; x_wconf 90' lang='lat' dir='ltr'>nti</span> 
     </span>
     <span class='ocr_line' id='line_1_34' title="bbox 114 2623 963 2698; baseline -0.015 -9"><span class='ocrx_word' id='word_1_237' title='bbox 114 2633 300 2698; x_wconf 89' lang='lat' dir='ltr'>constituerat,</span> <span class='ocrx_word' id='word_1_238' title='bbox 312 2630 339 2682; x_wconf 92' lang='lat' dir='ltr'>in</span> <span class='ocrx_word' id='word_1_239' title='bbox 351 2632 442 2682; x_wconf 87' lang='lat' dir='ltr'>castra</span> <span class='ocrx_word' id='word_1_240' title='bbox 458 2625 541 2693; x_wconf 80' lang='lat' dir='ltr'>venit,</span> <span class='ocrx_word' id='word_1_241' title='bbox 553 2640 586 2677; x_wconf 88' lang='lat' dir='ltr'>ac</span> <span class='ocrx_word' id='word_1_242' title='bbox 599 2640 685 2692; x_wconf 87' lang='lat' dir='ltr'>pauca</span> <span class='ocrx_word' id='word_1_243' title='bbox 701 2623 839 2692; x_wconf 87' lang='lat' dir='ltr'>praesenti</span> <span class='ocrx_word' id='word_1_244' title='bbox 852 2623 963 2676; x_wconf 89' lang='lat' dir='ltr'>consilio</span> 
     </span>
     <span class='ocr_line' id='line_1_35' title="bbox 113 2699 963 2769; baseline -0.018 -2"><span class='ocrx_word' id='word_1_245' title='bbox 113 2714 221 2767; x_wconf 84' lang='lat' dir='ltr'>locutus</span> <span class='ocrx_word' id='word_1_246' title='bbox 238 2708 274 2763; x_wconf 87' lang='lat' dir='ltr'>de</span> <span class='ocrx_word' id='word_1_247' title='bbox 285 2705 387 2761; x_wconf 88' lang='lat' dir='ltr'>invidia</span> <span class='ocrx_word' id='word_1_248' title='bbox 398 2702 464 2757; x_wconf 86' lang='lat' dir='ltr'>facti</span> <span class='ocrx_word' id='word_1_249' title='bbox 481 2702 530 2769; x_wconf 90' lang='lat' dir='ltr'>sui,</span> <span class='ocrx_word' id='word_1_250' title='bbox 548 2704 633 2768; x_wconf 88' lang='lat' dir='ltr'>atque</span> <span class='ocrx_word' id='word_1_251' title='bbox 645 2700 717 2754; x_wconf 90' lang='lat' dir='ltr'>utin</span> <span class='ocrx_word' id='word_1_252' title='bbox 735 2699 902 2752; x_wconf 89' lang='lat' dir='ltr'>deditionem</span> <span class='ocrx_word' id='word_1_253' title='bbox 919 2715 963 2752; x_wconf 92' lang='lat' dir='ltr'>ac-</span> 
     </span>
     <span class='ocr_line' id='line_1_36' title="bbox 114 2775 963 2858; baseline -0.018 -15"><span class='ocrx_word' id='word_1_254' title='bbox 114 2790 260 2858; x_wconf 88' lang='lat' dir='ltr'>ciperetur,</span> <span class='ocrx_word' id='word_1_255' title='bbox 273 2785 379 2852; x_wconf 88' lang='lat' dir='ltr'>reliqua</span> <span class='ocrx_word' id='word_1_256' title='bbox 396 2797 458 2835; x_wconf 88' lang='lat' dir='ltr'>cum</span> <span class='ocrx_word' id='word_1_257' title='bbox 477 2778 572 2831; x_wconf 85' lang='lat' dir='ltr'>Bestia</span> <span class='ocrx_word' id='word_1_258' title='bbox 587 2779 616 2829; x_wconf 90' lang='lat' dir='ltr'>et</span> <span class='ocrx_word' id='word_1_259' title='bbox 634 2775 735 2828; x_wconf 84' lang='lat' dir='ltr'>Scauro</span> <span class='ocrx_word' id='word_1_260' title='bbox 753 2778 859 2829; x_wconf 87' lang='lat' dir='ltr'>secreta</span> <span class='ocrx_word' id='word_1_261' title='bbox 877 2778 963 2828; x_wconf 77' lang='lat' dir='ltr'>trans</span> 
     </span>
     <span class='ocr_line' id='line_1_37' title="bbox 113 2851 961 2934; baseline -0.019 -14"><span class='ocrx_word' id='word_1_262' title='bbox 113 2867 180 2934; x_wconf 80' lang='lat' dir='ltr'>igit3</span> <span class='ocrx_word' id='word_1_263' title='bbox 207 2864 270 2916; x_wconf 87' lang='lat' dir='ltr'>dein</span> <span class='ocrx_word' id='word_1_264' title='bbox 289 2863 400 2930; x_wconf 88' lang='lat' dir='ltr'>postero</span> <span class='ocrx_word' id='word_1_265' title='bbox 425 2857 478 2923; x_wconf 92' lang='lat' dir='ltr'>die,</span> <span class='ocrx_word' id='word_1_266' title='bbox 497 2855 575 2923; x_wconf 92' lang='lat' dir='ltr'>quasi</span> <span class='ocrx_word' id='word_1_267' title='bbox 597 2869 648 2921; x_wconf 90' lang='lat' dir='ltr'>per</span> <span class='ocrx_word' id='word_1_268' title='bbox 671 2855 793 2905; x_wconf 88' lang='lat' dir='ltr'>saturam</span> <span class='ocrx_word' id='word_1_269' title='bbox 817 2851 961 2905; x_wconf 88' lang='lat' dir='ltr'>sententiis</span> 
     </span>
     <span class='ocr_line' id='line_1_38' title="bbox 115 2926 962 3010; baseline -0.021 -14"><span class='ocrx_word' id='word_1_270' title='bbox 115 2940 264 3010; x_wconf 82' lang='lat' dir='ltr'>exquisitis,</span> <span class='ocrx_word' id='word_1_271' title='bbox 285 2940 313 2992; x_wconf 91' lang='lat' dir='ltr'>in</span> <span class='ocrx_word' id='word_1_272' title='bbox 331 2936 499 2991; x_wconf 88' lang='lat' dir='ltr'>deditionem</span> <span class='ocrx_word' id='word_1_273' title='bbox 517 2930 656 2997; x_wconf 88' lang='lat' dir='ltr'>accipitur.</span> <span class='ocrx_word' id='word_1_274' title='bbox 692 2926 755 2995; x_wconf 87' lang='lat' dir='ltr'>Sed,</span> <span class='ocrx_word' id='word_1_275' title='bbox 773 2929 814 2981; x_wconf 92' lang='lat' dir='ltr'>uti</span> <span class='ocrx_word' id='word_1_276' title='bbox 832 2945 882 2997; x_wconf 92' lang='lat' dir='ltr'>pro</span> <span class='ocrx_word' id='word_1_277' title='bbox 900 2944 962 2980; x_wconf 88' lang='lat' dir='ltr'>con-</span> 
     </span>
     <span class='ocr_line' id='line_1_39' title="bbox 115 3003 962 3084; baseline -0.017 -14"><span class='ocrx_word' id='word_1_278' title='bbox 115 3019 175 3071; x_wconf 90' lang='lat' dir='ltr'>silio</span> <span class='ocrx_word' id='word_1_279' title='bbox 197 3019 361 3084; x_wconf 90' lang='lat' dir='ltr'>imperatum</span> <span class='ocrx_word' id='word_1_280' title='bbox 385 3014 453 3076; x_wconf 90' lang='lat' dir='ltr'>erat,</span> <span class='ocrx_word' id='word_1_281' title='bbox 470 3005 607 3074; x_wconf 88' lang='lat' dir='ltr'>elephanti</span> <span class='ocrx_word' id='word_1_282' title='bbox 631 3003 751 3070; x_wconf 81' lang='lat' dir='ltr'>triginta,</span> <span class='ocrx_word' id='word_1_283' title='bbox 773 3020 856 3073; x_wconf 90' lang='lat' dir='ltr'>pecus</span> <span class='ocrx_word' id='word_1_284' title='bbox 878 3007 962 3072; x_wconf 91' lang='lat' dir='ltr'>atque</span> 
     </span>
     <span class='ocr_line' id='line_1_40' title="bbox 116 3079 964 3160; baseline -0.019 -13"><span class='ocrx_word' id='word_1_285' title='bbox 116 3094 179 3160; x_wconf 87' lang='lat' dir='ltr'>equi</span> <span class='ocrx_word' id='word_1_286' title='bbox 196 3092 275 3145; x_wconf 90' lang='lat' dir='ltr'>multi</span> <span class='ocrx_word' id='word_1_287' title='bbox 297 3107 357 3144; x_wconf 90' lang='lat' dir='ltr'>cum</span> <span class='ocrx_word' id='word_1_288' title='bbox 379 3103 462 3157; x_wconf 88' lang='lat' dir='ltr'>parvo</span> <span class='ocrx_word' id='word_1_289' title='bbox 480 3081 588 3150; x_wconf 85' lang='lat' dir='ltr'>argenti</span> <span class='ocrx_word' id='word_1_290' title='bbox 610 3079 730 3148; x_wconf 89' lang='lat' dir='ltr'>pondere</span> <span class='ocrx_word' id='word_1_291' title='bbox 751 3080 891 3147; x_wconf 88' lang='lat' dir='ltr'>quaestori</span> <span class='ocrx_word' id='word_1_292' title='bbox 908 3083 964 3132; x_wconf 87' lang='lat' dir='ltr'>tra-</span> 
     </span>
     <span class='ocr_line' id='line_1_41' title="bbox 117 3154 963 3234; baseline -0.014 -14"><span class='ocrx_word' id='word_1_293' title='bbox 117 3167 226 3220; x_wconf 84' lang='lat' dir='ltr'>duntur.</span> <span class='ocrx_word' id='word_1_294' title='bbox 261 3166 422 3234; x_wconf 85' lang='lat' dir='ltr'>Calpurnius</span> <span class='ocrx_word' id='word_1_295' title='bbox 440 3161 556 3214; x_wconf 81' lang='lat' dir='ltr'>Romam</span> <span class='ocrx_word' id='word_1_296' title='bbox 576 3154 613 3208; x_wconf 88' lang='lat' dir='ltr'>ad</span> <span class='ocrx_word' id='word_1_297' title='bbox 631 3155 809 3221; x_wconf 81' lang='lat' dir='ltr'>magistratus</span> <span class='ocrx_word' id='word_1_298' title='bbox 826 3154 963 3222; x_wconf 88' lang='lat' dir='ltr'>rogandos</span> 
     </span>
    </p>
   </div>
   <div class='ocr_carea' id='block_1_5' title="bbox 0 0 1144 3425">
    <p class='ocr_par' dir='ltr' id='par_1_6' title="bbox 0 0 1144 3425">
     <span class='ocr_line' id='line_1_42' title="bbox 0 0 1144 3425; baseline 0 0"><span class='ocrx_word' id='word_1_299' title='bbox 0 0 1144 3425; x_wconf 95' lang='lat' dir='ltr'> </span> 
     </span>
    </p>
   </div>
  </div>
 </body>
</html>
