2275 3425
483 104 694 155 JUGURTHA.
985 109 1016 157 93

164 184 264 253 quibus
275 184 323 238 illa
334 184 424 254 epulis
438 184 605 254 jucundiora
617 190 689 241 sunt.
726 185 830 239 Verum
843 191 953 242 nonest
970 188 1016 243 ita.

165 262 192 315 N
194 278 238 314 am
249 260 297 314 ubi
309 277 339 314 se
351 260 463 329 flagitiis
479 262 680 317 dedecoravere
692 263 851 331 turpissumi
863 263 923 331 viri,
934 264 1017 318 bono-

164 354 224 391 rum
236 337 359 405 praemia
368 342 494 406 creptum
507 342 582 393 eunt.
611 339 658 392 Ita
669 339 858 407 injustissume
869 340 978 393 luxuria
988 343 1017 395 et

164 413 279 482 ignavis,
294 430 438 482 pessume
451 419 535 482 artes,
554 415 608 468 illis
625 414 673 483 qui
689 415 797 468 coluere
809 431 856 469 eas
874 415 942 469 nihil
960 416 1017 469 offi-

164 490 248 557 ciunt,
259 489 300 543 rei
311 489 436 558 publicae
448 490 576 545 innoxiae
593 491 664 545 cladi
683 494 754 545 sunt.
788 491 814 545 N
816 507 869 545 unc
888 493 1016 560 quoniam

164 565 225 631 illis,
238 569 370 634 quantum
383 582 472 619 mores
483 566 546 633 mei,
558 583 612 619 non
623 567 732 620 illorum
743 566 847 635 flagitia
859 567 1017 637 poscebant,

165 641 301 709 respondi,
309 658 398 709 pauca
409 641 445 696 de
456 658 488 694 re
499 642 609 711 publiea
620 642 723 711 loquar.
761 642 883 696 Primum
895 644 1016 696 omnium

165 717 201 771 de
210 718 342 771 Numidia
350 717 452 771 bonum
461 717 563 772 habete
572 719 700 785 animum,
710 718 839 783 Quirites.
863 719 1016 787 Numquae

164 793 201 846 ad
209 793 261 847 hee
272 797 381 861 tempus
389 794 407 846 J
409 795 557 861 ugurtham
569 797 661 850 tutata
673 797 745 861 sunt,
754 795 844 848 omnia
853 788 1016 861 removistis,

164 869 314 936 avaritiam,
335 869 508 938 imperitiam,
532 874 618 938 atquc
641 869 804 939 superbiam.
840 871 947 925 Deinde
971 887 1017 924 ex-

165 945 266 999 ercitus
285 945 323 998 ibi
342 948 392 1011 est,
413 945 533 1000 locorum
558 946 654 1014 sciens,
681 944 731 998 sed
753 944 909 999 mehercule
930 946 1017 1013 magis

165 1023 293 1074 strenuus
304 1037 386 1089 quam
398 1021 479 1086 felix;
496 1038 560 1075 nam
577 1038 676 1089 magna
691 1037 755 1089 pars
768 1020 828 1089 ejus
842 1021 956 1074 avaritia
967 1026 1016 1075 aut

165 1097 322 1151 temeritate
339 1097 438 1151 dueum
454 1098 553 1152 attrita
569 1100 619 1151 est.
656 1095 839 1162 Quamobrem
850 1113 904 1160 ros,
916 1095 1017 1164 quibus

165 1173 291 1226 militene
307 1177 383 1226 aetas
401 1176 451 1241 est,
471 1173 624 1227 annitimini
640 1189 747 1226 mecum
764 1174 793 1226 et
809 1172 943 1240 capessite
957 1188 1016 1225 rem

165 1249 318 1317 publicam
334 1266 425 1318 neque
441 1266 606 1318 quemquam
620 1266 654 1302 ex
666 1246 821 1301 mlamitate
837 1247 951 1301 aliorum
967 1251 1017 1301 aut

135 1378 144 1395 1
165 1324 360 1393 imperatorum
381 1324 509 1393 superbia
528 1329 619 1378 metus
639 1324 750 1392 ceperit.
786 1324 903 1390 Egomet
922 1322 952 1375 in
970 1339 1017 1391 sg-

165 1403 245 1467 mine,
255 1401 284 1453 in
295 1401 399 1469 proelio
415 1401 553 1454 consultor
568 1401 642 1454 idem
655 1403 684 1453 et
696 1399 785 1453 socius
800 1397 914 1467 periculi
927 1397 1017 1452 vebis-

165 1493 226 1530 cum
237 1476 329 1541 adero,
337 1492 436 1544 meque
444 1493 546 1545 vosque
555 1477 583 1530 in
593 1476 718 1529 omnibus
730 1475 814 1528 rebus
822 1472 905 1542 juxta
913 1491 1014 1541 geram

166 1551 203 1606 Et
213 1553 337 1621 profecto
349 1551 393 1605 dis
408 1551 569 1621 juvantibus
586 1553 675 1606 omnia
690 1555 799 1605 matura
810 1553 883 1617 sunt,
894 1551 1016 1619 victoria,

165 1628 276 1698 praeda,
294 1629 369 1694 laus;
393 1645 463 1697 quae
482 1629 504 1682 si
524 1628 609 1682 dubia
629 1632 678 1681 eut
695 1627 789 1696 procul
809 1630 907 1691 essent,
923 1629 1016 1680 tamen

166 1705 253 1760 omnis
268 1705 354 1760 bonos
370 1707 410 1760 rei
434 1705 560 1776 publicae
582 1705 727 1759 subvenire
748 1703 871 1758 decebat.
906 1703 1015 1757 Etenim

165 1797 244 1835 nemo
265 1782 373 1850 ignavia
396 1781 559 1836 immortalis
579 1782 668 1836 iactus
689 1785 739 1847 est,
759 1797 849 1850 neque
873 1780 1016 1848 quisquam

165 1872 263 1925 parens
278 1858 373 1912 liberis
391 1862 424 1912 ut
442 1858 547 1912 aeterni
563 1858 655 1912 forent
670 1856 784 1925 optavit,
800 1856 940 1924 mugienti
953 1854 1016 1907 beni

165 1931 327 2002 honestique
345 1934 431 1988 vitam
449 1934 600 2001 exigerent.
637 1933 721 1986 Plura
739 1932 868 1997 dioerem,
888 1930 1016 1996 Quirites,
1056 1990 1058 1994 ,

166 2008 188 2061 si
198 2008 301 2063 timidis
308 2010 439 2064 virtutem
447 2008 531 2063 verba
538 2008 690 2073 adderent;
707 2023 770 2061 nam
780 2006 899 2061 strenuis
907 2005 1017 2059 abunde

166 2083 269 2138 dictum
281 2085 370 2154 puto?

218 2166 258 2215 86.
294 2160 494 2229 Hujuscemodi
505 2160 629 2214 oratione
640 2159 735 2213 habits
747 2159 859 2228 Marius,
871 2160 1017 2229 postquam

166 2235 253 2304 plebis
264 2236 368 2290 animos
380 2239 501 2290 arrectos
512 2235 597 2303 videt,
610 2235 728 2304 propere
744 2238 904 2301 commeatu,
917 2234 1018 2302 stipen-

166 2311 220 2377 dio,
239 2313 322 2365 annis
341 2313 456 2380 aliisque
475 2311 592 2365 utilibus
608 2311 686 2365 nevis
704 2315 814 2377 enerat;
838 2327 899 2365 cum
918 2309 962 2362 his
982 2310 1017 2363 A.

166 2386 299 2441 Manlium
310 2388 432 2456 legatum
447 2388 582 2456 proficisci
596 2386 687 2456 jubet.
723 2387 787 2456 Ipse
799 2388 904 2441 interea
915 2385 1018 2439 milites

166 2463 293 2532 seribere,
305 2480 359 2517 non
371 2480 447 2517 mere
459 2451 602 2532 majorum,
613 2479 705 2532 neque
718 2479 753 2516 ex
765 2463 904 2530 elassibus,
915 2460 964 2515 sed
975 2462 1018 2515 uti

166 2538 298 2608 cujusque
314 2539 408 2595 lubido
423 2541 491 2607 erat,
507 2539 599 2609 eapite
614 2555 709 2594 eensos
724 2539 875 2608 plerosque.
911 2537 947 2590 ld
965 2536 1019 2591 iac-

165 2617 226 2668 tum
241 2615 287 2668 alii
304 2615 396 2684 inopia
413 2614 554 2680 bonorum,
573 2615 619 2669 alii
637 2631 688 2684 per
706 2613 883 2669 ambitionem
901 2611 1019 2665 consulis

166 2690 361 2757 memorabant,
381 2690 456 2759 qued
474 2690 510 2744 ab
526 2707 559 2744 eo
574 2707 676 2759 genere
694 2690 849 2745 celebratus
867 2691 1019 2754 auctusque

166 2769 234 2834 erat,
246 2770 276 2820 et
288 2766 390 2820 homini
407 2766 558 2835 potentiam
575 2766 718 2835 qrraerenti
733 2765 934 2834 egentissumus
946 2762 1019 2831 quis-

166 2858 220 2909 que
232 2843 494 2912 opportunissumus,
509 2842 552 2896 cui
568 2859 658 2911 neque
671 2860 720 2896 sua
731 2857 821 2914 curae,
834 2839 936 2908 quippe
948 2854 1019 2906 quae

166 2917 241 2970 nulla
255 2921 325 2981 sunt,
338 2920 367 2971 et
379 2919 469 2971 omnia
485 2935 546 2972 cum
561 2919 651 2985 pretio
665 2918 780 2971 honesta
792 2915 928 2969 videntur.
965 2913 1020 2980 lgi-

166 2994 214 3046 tur
225 2992 330 3046 Marius
346 3009 407 3046 cum
425 2995 564 3062 aliquanto
584 2992 688 3061 majore
702 3008 816 3045 numero
829 3007 911 3058 quam
924 2989 1019 3042 deere-

166 3070 227 3121 tum
247 3073 308 3123 erat
328 3069 356 3122 in
379 3069 500 3123 Africam
521 3069 660 3137 profectus
679 3067 771 3136 paucis
793 3065 889 3118 diebus
909 3064 1018 3118 Uticam

167 3143 318 3199 advehitur.
355 3145 500 3198 Exercitus
519 3143 544 3197 ei
563 3143 685 3196 traditur
704 3159 720 3194 a
741 3142 770 3194 Ρ.
790 3139 894 3192 Rutilio
912 3139 1019 3206 legate;
