2275 3425
116 99 163 146 106
359 97 386 144 Ο.
406 93 584 144 SALLUSTI
602 91 720 143 calsrr

115 193 178 231 cum
195 176 270 231 mille
286 192 341 230 non
357 172 473 245 amplius
488 172 628 243 eqmtibus
645 190 706 228 sese
722 171 852 239 ostendit,
865 172 971 240 quite-

116 269 190 307 mere
202 256 232 307 et
245 253 329 307 effuse
341 255 437 306 euntes
454 251 545 305 Sullae
559 249 675 319 aliisque
688 248 815 303 omnibus
830 251 860 302 et
875 265 971 302 nume

115 334 177 382 rum
200 324 358 417 ampliorem
381 344 446 381 vero
470 329 500 380 et
526 325 657 380 hostilem
681 329 785 379 metum
809 323 970 378 efficiebant

117 405 207 472 Igitur
224 422 255 459 se
272 405 389 473 quisque
406 404 544 472 expedire,
558 419 635 456 arma
652 404 734 469 atque
752 400 808 454 tela
818 403 970 488 temptare,

115 481 273 546 intendere;
296 481 377 534 timor
395 480 560 548 aliquantus,
581 479 630 532 sed
648 494 710 546 spes
728 466 849 544 amplidr,
866 477 970 545 quippe

116 556 264 610 victoribus
283 560 312 610 et
332 556 477 608 advorsum
499 570 636 621 eosquos
658 569 740 620 saepe
758 552 885 606 vicerant.
924 552 970 605 In·

114 632 196 685 terim
212 632 319 700 equites
335 631 506 699 exploratum
523 628 668 698 praemissi
684 643 751 695 rem,
766 630 800 680 ut
813 630 881 695 erat,
893 626 970 695 quie-

115 719 172 761 tam
183 707 318 760 nuntiant
658 722 663 735 ¹

168 788 224 838 106.
260 782 350 835 Volux
364 781 513 835 adveniens
525 746 701 850 quaestorem
713 779 835 851 appellat
846 778 969 866 dicitque

114 873 144 911 sc
161 874 178 911 a
195 862 275 927 patre
287 858 395 912 Boccho
411 856 518 909 obviam
537 856 591 910 illis
610 857 689 910 simul
708 860 737 910 et
754 855 891 944 praesidio
906 854 970 907 mis-

114 950 181 987 sum
217 934 325 988 Deinde
343 950 406 987 eum
424 935 453 987 et
470 949 635 1001 proxumum
653 931 763 985 diem
743 948 802 985 sme
817 934 893 997 metu
906 946 969 984 oon-

114 1008 199 1076 juncti
212 1013 285 1063 eunt.
311 1004 395 1076 Post,
408 1008 455 1061 ubi
470 1006 563 1061 castra
578 1007 668 1061 locata
683 1011 712 1061 et
725 1006 780 1060 diei
793 1022 889 1074 vesper
899 1009 968 1074 erat,
1032 1052 1035 1056 .

116 1088 229 1153 repente
241 1085 354 1138 Maurus
369 1085 474 1137 incerto
486 1083 564 1137 voltu
577 1081 701 1151 [pavens]
713 1081 749 1135 ad
762 1082 864 1136 Sullam
876 1098 969 1135 aecur-
1061 1146 1064 1149 Ι

115 1160 152 1213 rit
163 1160 292 1230 dicitque,
305 1159 356 1212 sibi
369 1177 404 1213 ex
419 1158 638 1227 speculatoribus
650 1158 788 1225 cognitum
800 1158 819 1211 J
820 1158 968 1225 ugurtham

113 1236 187 1288 haud
201 1237 294 1305 procul
309 1235 420 1299 abesse;
438 1235 518 1287 simul
532 1234 575 1295 uti
590 1237 673 1287 noctu
687 1232 757 1288 elam
772 1250 864 1287 secum
875 1234 968 1302 prolu-

113 1314 192 1378 geret
207 1315 287 1380 rogat
301 1315 384 1380 atque
398 1311 530 1364 hortatur.
568 1309 621 1362 Ille
638 1309 727 1362 animo
744 1309 827 1362 feroci
841 1312 923 1377 negat
936 1325 968 1364 se

114 1386 214 1440 totiens
230 1387 321 1440 iusum
338 1386 487 1439 Numidam
504 1386 715 1454 pertimescere3
739 1385 836 1438 virtuti
857 1401 967 1440 suorum

12 1524 23 1530 α
114 1462 181 1514 satis
197 1465 325 1527 credere;
349 1462 456 1515 etiamsi
475 1465 551 1514 certa
572 1458 658 1529 pestis
676 1461 792 1526 adesset,
810 1478 966 1515 mansurum

92 1534 95 1540 ’
113 1539 205 1606 potius
221 1554 303 1607 quam
319 1537 436 1606 proditis
451 1553 520 1605 quos
537 1536 657 1590 ducebat
675 1537 750 1604 turpi
765 1536 832 1604 fuga
846 1537 966 1591 incertae

113 1629 145 1666 ac
156 1613 271 1667 forsitan
287 1618 350 1682 post
365 1613 447 1681 paulo
460 1612 555 1665 morbo
570 1611 735 1665 interiturae
746 1613 819 1665 vitae
832 1615 966 1681 parceret.

114 1688 243 1744 Ceterum
262 1688 411 1744 abeodem
430 1689 550 1742 monitus
567 1688 609 1743 uti
629 1691 711 1742 noctu
728 1687 966 1757 proficiscerentur

113 1765 252 1820 consilium
269 1766 410 1835 approbat,
429 1782 460 1818 ac
480 1765 573 1818 statim
592 1765 692 1818 milites
711 1769 837 1818 coenatos
854 1781 921 1831 esse,
936 1765 965 1818 in

114 1842 209 1895 eastris
224 1843 294 1910 ignis
309 1858 390 1909 quam
406 1840 596 1895 creberrumos
612 1840 680 1906 fieri,
694 1839 758 1893 dein
774 1840 862 1907 prima
873 1841 966 1907 vigilia

114 1917 220 1971 silentio
240 1918 334 1984 egredi
352 1916 440 1984 jubet.
477 1915 598 1983 Jamque
618 1922 751 1969 nocturno
769 1916 866 1970 itinere
886 1916 965 1970 fessis

113 1993 238 2047 omnibus
255 1993 329 2046 Sulla
344 1994 447 2061 pariter
459 2008 521 2046 cum
538 1994 601 2045 ortu
618 1991 682 2045 solis
695 1994 784 2044 castra
799 1991 963 2060 metabatur,

113 2085 197 2137 quum
209 2069 317 2136 equites
332 2068 421 2120 Mauri
436 2068 563 2120 nuntiant
577 2065 745 2134 Jugrrrtham
760 2067 868 2120 circiter
879 2067 964 2121 duum

113 2145 217 2197 milium
230 2143 374 2196 intervallo
390 2146 454 2195 ante
469 2159 516 2195 eos
531 2143 691 2200 consedisse.
728 2142 808 2206 Quod
819 2146 965 2211 postquam

113 2220 238 2274 auditum
257 2222 306 2284 est,
327 2223 386 2271 tum
405 2234 470 2271 vero
489 2218 585 2285 ingens
606 2222 697 2273 metus
717 2222 824 2272 nostros
844 2219 964 2285 invadit;

112 2295 226 2349 eredere
245 2310 275 2346 se
292 2293 415 2362 proditos
433 2309 450 2346 a
467 2293 571 2347 Voluce
588 2298 617 2347 et
635 2294 740 2348 insidiis
758 2294 962 2348 circumventos

114 2372 157 2425 Ac
173 2371 251 2423 fuere
267 2369 314 2437 qui
331 2368 455 2422 dicerent
472 2385 554 2420 manu
570 2369 770 2437 vindicandum,
786 2385 875 2437 neque
890 2370 964 2438 apud

112 2447 188 2500 illum
199 2447 309 2500 tantum
321 2445 409 2498 scelus
422 2443 539 2497 inultum
552 2444 767 2513 relinquendum.

166 2524 222 2580 107.
262 2522 304 2575 At
332 2520 414 2586 Sulla,
446 2536 612 2588 quamquam
643 2521 739 2574 eadem
772 2517 963 2590 existumabat,

112 2596 255 2653 tamenab
271 2595 372 2664 injmia
389 2597 516 2649 Maurum
535 2595 677 2663 prohibet;
701 2613 764 2650 suos
779 2596 906 2651 hortatur
921 2598 963 2652 uti

111 2675 210 2728 fortem
232 2672 352 2725 animum
372 2674 514 2739 gererent;
542 2686 625 2739 saepe
645 2675 709 2726 ante
730 2673 823 2740 paucis
844 2675 963 2727 strenuis

112 2750 255 2803 advorsum
268 2747 472 2802 multitudinem
485 2746 555 2800 bene
567 2751 735 2817 pugnatum3
754 2752 855 2815 quanto
867 2748 918 2801 sibi
934 2749 963 2802 in

110 2826 214 2892 proelio
239 2826 326 2878 minus
349 2825 544 2893 pepercissent,
568 2826 646 2876 tanto
669 2823 785 2876 tutiores
809 2824 885 2888 fore;
912 2841 963 2879 nec

112 2916 276 2967 quemquam
300 2901 397 2953 decere
421 2901 468 2968 qui
494 2915 591 2952 manus
615 2899 763 2953 armaverit
789 2898 824 2951 ab
851 2900 963 2955 inermis

111 2974 227 3041 pedibus
243 2977 372 3028 auxilium
388 2983 499 3044 petere;
522 2975 551 3027 in
570 2991 697 3027 maxumo
715 2978 792 3028 metu
810 2974 914 3028 nudum
933 2979 963 3030 et

111 3052 220 3101 caecum
244 3066 342 3118 corpus
364 3051 401 3104 ad
424 3050 511 3104 hostis
531 3053 647 3104 vortere.
692 3050 800 3105 Deinde
821 3050 961 3121 Voluoem,

111 3123 239 3188 quoniam
257 3123 366 3179 hostilia
382 3125 493 3191 iaceret,
511 3123 611 3178 Jovem
629 3140 787 3180 maxunrum
806 3126 963 3183 obtestatus
