2275 3425
138 113 169 162 aa
386 108 414 155 o.
434 102 610 154 satanam
626 89 745 150 ortissu

135 189 259 245 deducit.
294 188 366 242 Dein
378 185 491 241 remotis
502 183 623 238 omnium
635 180 721 250 equis,
733 196 788 249 quio
800 178 932 232 militibus
943 191 989 231 cn-

138 269 255 336 aequato
273 263 393 333 periculo
412 262 517 315 animus
531 259 647 328 amplior
666 258 746 322 esset,
764 256 824 323 ipse
840 255 924 323 pedes
943 271 990 307 eu-

139 343 254 396 ercitum
268 358 318 410 pro
333 340 392 393 loco
408 341 492 406 atque
508 336 599 406 copiis.
610 333 730 388 iustruit.
766 332 792 385 N
794 349 837 384 am
850 331 892 384 uti
904 330 990 399 plani-

134 419 192 472 ties
211 419 272 471 erat
291 416 364 470 inter
382 415 506 467 sinistros
521 412 623 466 montis
641 413 670 464 et
685 408 721 462 ab
736 408 852 462 dextera
868 424 936 477 rupe
950 426 990 462 as

139 510 213 562 pera,
221 495 284 546 octo
296 491 414 545 cohortis
425 489 453 543 iu
464 491 555 543 fronto
564 486 714 550 constitnit,
730 484 899 552 reliquarum
914 485 990 553 signa

139 570 168 622 iu
188 568 309 622 subsidio
328 567 416 621 artius
430 566 551 619 collocat.
590 562 636 617 Ab
652 562 695 615 his
715 561 888 615 centuriones
903 564 990 618 omnis

139 645 233 711 lectos,
246 647 274 698 et
292 646 424 709 evocatos,
439 645 584 711 praeterea
599 656 634 693 ex
650 636 783 706 gregariis
799 636 933 693 militibus
944 658 990 709 op

141 726 247 775 tamum
265 735 402 788 quemque
416 720 552 772 armatum
568 717 597 769 iu
613 715 731 785 primam
749 713 836 767 aciem
855 714 991 771 subducit.
1063 720 1068 723 '

141 797 170 850 O.
184 795 318 849 Manlium
329 795 358 847 iu
370 794 476 860 dextra,
494 792 675 846 Faesulanum
690 790 828 864 quendam
839 789 868 843 in
880 791 991 848 sinistra

140 875 220 940 parte
232 886 328 924 curare
340 869 436 938 jubet3
455 870 513 938 ipse
526 884 587 921 cum
603 866 710 920 libertis
722 869 752 919 et
763 866 865 919 colonis
876 874 990 936 propter

140 947 260 1015 aquilam
276 945 387 1012 assistit,
405 962 487 1014 quam
503 944 576 997 bello
591 942 727 997 Cimbrico
743 941 773 995 C.
787 941 892 996 Marius
903 943 930 996 in
943 961 990 998 ex-

142 1023 229 1076 ercitu
244 1021 371 1075 habuisse
390 1021 539 1075 dicebatur.
577 1021 618 1072 At
636 1035 671 1072 ex
688 1018 775 1072 altera
794 1023 873 1087 parte
891 1020 919 1074 C.
934 1023 990 1074 An-

141 1099 232 1153 tonius
246 1098 363 1167 pedibus
378 1114 468 1165 aeger,
481 1095 555 1165 quod
570 1095 674 1163 proelio
687 1094 784 1147 adesse
800 1096 939 1164 nequibat,
951 1098 989 1151 M.

143 1175 252 1229 Petreio
263 1175 355 1241 legato
367 1173 519 1227 exercitum
534 1170 680 1240 permittit.
716 1170 768 1224 Ille
783 1170 903 1225 cohortis
915 1177 990 1228 vete-

141 1267 229 1318 ranas,
242 1266 310 1319 quas
326 1251 436 1303 tumulti
452 1265 547 1302 caussa
562 1248 768 1317 conscripserat,
779 1246 807 1301 in
818 1247 916 1316 fronte,
926 1254 990 1319 post

141 1343 189 1380 eas
211 1329 334 1380 ceterum
354 1325 505 1379 exercitum
525 1325 554 1377 in
576 1323 703 1376 subsidiis
723 1323 809 1389 loeat;
838 1324 898 1393 ipse
917 1343 989 1395 equo

141 1401 300 1455 circumiens
315 1416 536 1470 unumquemque
552 1399 694 1452 nominans
710 1399 838 1468 appellat,
854 1401 988 1469 hortatur,

141 1480 228 1545 rogat,
246 1480 278 1530 ut
295 1477 469 1530 meminerint
492 1492 522 1529 se
542 1477 638 1529 eontra
661 1475 781 1529 latrones
804 1476 915 1531 inermis
938 1495 989 1547 pro

140 1552 237 1622 patria,
260 1567 310 1619 pro
328 1552 427 1616 liberis,
447 1568 498 1618 pro
518 1551 574 1605 aris
597 1554 680 1618 atque
704 1551 770 1604 iocis
795 1552 851 1606 suis
874 1557 989 1609 certare.

142 1628 232 1681 Homo
252 1627 385 1695 militaris,
404 1627 477 1695 qnod
498 1627 614 1695 amplius
632 1642 716 1679 annos
731 1627 845 1695 triginta
863 1629 989 1684 tribunus

138 1705 189 1757 aut
200 1704 355 1773 praefectus
363 1707 412 1758 aut
423 1703 530 1771 legatus
541 1705 590 1756 aut
601 1705 712 1771 praetor
720 1719 781 1756 cum
794 1721 892 1771 magna
903 1706 990 1774 gloria

139 1778 168 1835 in
181 1780 303 1833 exercitu
313 1780 412 1845 fuerat,
424 1779 567 1847 plerosque
579 1779 652 1846 ipsos
663 1779 790 1847 factaque
802 1796 897 1833 eorum
908 1782 989 1836 fortia

141 1858 269 1919 noverat3
281 1871 314 1908 ea
323 1854 557 1908 commemorando
564 1854 688 1910 militum
699 1855 803 1908 animos
814 1855 989 1912 accendebat.

193 1936 233 1984 60.
262 1928 318 1983 Sed
329 1929 377 1982 ubi
389 1929 513 1982 omnibus
525 1929 608 1983 rebus
620 1929 769 1997 exploratis
783 1930 909 1985 Petreius
922 1932 989 1986 tuba

140 2005 249 2072 signum
260 2005 317 2073 dat,
327 2005 446 2058 cohortis
457 2004 589 2073 paulatim
601 2004 736 2058 incedere'
736 2005 825 2073 jubet,
838 2007 912 2060 idem
923 2008 990 2062 facit

141 2080 260 2134 hostium
278 2080 422 2135 exercitus.
458 2080 607 2148 Postquam
628 2097 661 2134 eo
680 2084 791 2135 ventum
811 2085 861 2149 est,
879 2083 954 2137 unde
972 2100 989 2136 a

140 2156 295 2210 ferentariis
312 2155 446 2224 proelium
460 2156 595 2208 committi
612 2159 710 2223 posset,
726 2173 853 2210 maxumo
870 2158 989 2213 clamore

140 2247 203 2284 curn
214 2231 321 2284 infestis
332 2231 415 2298 signis
430 2234 603 2297 concurrunt,
615 2231 670 2300 pila
681 2232 819 2299 omittunt,
834 2232 932 2301 gladiis
943 2251 989 2288 rcs

140 2307 255 2373 geritur.
291 2306 422 2371 Veterani
439 2305 572 2375 pristinae
589 2307 699 2361 virtutis
716 2323 850 2362 memores
868 2310 989 2363 cominus

141 2382 240 2435 acriter
258 2382 376 2446 instar03
399 2382 439 2435 illi
457 2381 533 2435 haud
549 2382 641 2435 timidi
658 2384 797 2450 resistunt,
816 2401 944 2438 maxuma
961 2386 988 2439 vi

140 2459 271 2511 certatur.
305 2458 417 2511 Interea
433 2458 551 2512 Catilina
568 2474 630 2511 curu
645 2459 780 2527 expeditis
791 2459 820 2512 iu
832 2461 920 2530 prima
930 2460 989 2515 acie

141 2533 250 2600 versari,
261 2532 449 2587 laborantibus
463 2549 628 2601 succurrere,
641 2535 762 2602 integros
774 2552 825 2605 pro
838 2536 935 2590 sauciis
946 2553 989 2590 ar-

140 2624 255 2675 cessere,
272 2609 362 2662 omnia
379 2609 528 2677 providere,
547 2610 665 2663 multum
683 2610 743 2679 ipse
761 2628 891 2679 pugnare,
907 2628 990 2681 saepe

140 2683 248 2738 hostem
260 2684 357 2750 ferire3
373 2685 477 2739 strenui
491 2684 588 2738 militis
600 2688 630 2739 et
641 2685 705 2738 boui
717 2686 891 2755 imperatoris
902 2687 990 2741 officia

141 2760 220 2814 simul
236 2760 444 2829 exsequebatur.
480 2761 605 2814 Petreius
618 2761 666 2815 ubi
678 2762 755 2816 videt
768 2762 913 2816 Catilinam
927 2778 989 2817 eon-

140 2838 185 2888 tra
196 2852 229 2890 ac
240 2839 317 2891 ratus
327 2840 386 2891 erat
395 2853 494 2905 magna
502 2837 528 2891 vi
540 2836 662 2903 tendere,
671 2838 811 2892 cohortem
822 2839 989 2908 praetoriam

142 2912 169 2963 in
180 2911 287 2965 medios
299 2910 385 2967 hostis
400 2913 513 2980 inducit,
525 2930 627 2981 eosque
638 2914 815 2983 perturbatos
826 2917 910 2984 atque
921 2914 990 2969 alios

141 2985 206 3040 alibi
217 2987 378 3043 resistentes
389 2989 533 3054 interficit3
551 2988 653 3043 deinde
659 2989 800 3059 utrimque
811 3007 844 3043 ex
857 2991 990 3044 lateribus

141 3065 246 3116 ceteros
267 3064 434 3131 aggreditur.
473 3064 592 3119 Manlius
611 3068 640 3118 et
659 3065 826 3119 Faesulanus
847 3066 990 3136 inprimis

141 3141 294 3204 pugnantes
312 3139 422 3207 cadunt.
457 3140 607 3211 Postquam
622 3140 697 3194 uuas
714 3142 806 3212 copiae
826 3158 910 3211 seque
928 3159 990 3196 cum
