2275 3425
114 91 130 141 4
178 111 185 128 ·
362 93 390 142 C.
409 92 584 140 SALLUSTI
600 92 718 140 CRISPI

115 171 182 225 satis
198 169 331 240 prospera
348 173 470 240 satisque
487 172 593 241 pollens
605 172 760 240 videbatur,
779 171 861 226 sicuti
878 170 967 241 plera·

115 263 169 315 que
182 248 338 301 mortalium
354 248 498 315 habentur,
514 248 616 301 invidia
628 265 662 302 ex
679 249 821 318 opulentia
837 254 899 302 orta
915 250 965 301 est.

116 323 209 390 Igitur
227 342 306 393 reges
323 324 471 392 populique
488 324 605 378 finitumi
624 323 696 377 bello
713 327 869 394 temptare;
887 322 967 394 pauci

116 416 150 452 ex
163 401 257 454 amicis
267 400 366 453 auxilio
378 416 439 453 esse
450 422 456 464 3
474 417 536 453 nam
549 400 636 454 ceteri
648 403 724 454 metu
735 400 855 469 perculsi
866 417 883 453 a
894 399 967 468 peri·

117 476 184 529 culis
207 475 328 530 aberant.
374 477 415 530 At
437 476 553 529 Romani
577 476 652 529 domi
676 477 846 545 militiaeque
866 475 966 529 intenti

117 551 254 618 festinare,
262 569 368 621 parare,
377 552 446 605 alius
454 552 536 605 alium
546 552 657 620 hortari,
667 552 791 606 hostibus
801 552 909 605 obviam
917 552 966 619 ire,

116 626 283 695 libertatem,
300 628 418 696 patriam
437 631 623 696 parentesque
643 629 727 682 armis
745 632 847 696 tegere.
891 628 966 695 Post,

116 702 164 756 ubi
188 703 311 770 pericula
329 706 433 758 virtute
451 704 639 772 propulerant,
660 705 740 758 sociis
764 708 848 774 atque
872 704 967 758 amicis

53 772 59 779 ’
117 779 218 832 auxilia
238 780 392 849 portabant,
412 780 554 848 magisque
576 779 675 832 dandis
697 797 778 849 qnam
799 779 966 849 accipiundis

117 852 258 910 beneficiis
284 855 417 909 amicitias
441 855 584 923 parabant.
620 856 771 924 Imperium
796 856 967 924 legitumum‚

118 947 216 985 nomen
232 931 329 999 imperi
341 931 447 998 regium
459 929 618 997 habebant;
635 930 743 998 delecti,
756 931 855 999 quibus
867 948 967 999 corpus

117 1006 196 1060 annis
215 1006 359 1073 infirmum,
383 1007 521 1074 ingenium
543 1007 677 1075 sapientia
695 1007 815 1060 validum
836 1010 904 1073 erat,
925 1007 966 1061 rei

117 1082 242 1150 publicae
259 1080 468 1147 consultabant;
492 1082 522 1135 hi
537 1083 581 1136 vel
600 1086 692 1136 aetate
709 1083 751 1137 vel
771 1099 853 1137 curae
872 1083 967 1136 simili-

118 1158 214 1212 tudine
225 1161 319 1227 patres
331 1157 545 1226 appellabantur.
583 1159 657 1226 Post,
673 1158 721 1212 ubi
737 1160 842 1226 regium
858 1159 968 1226 imperi·

117 1250 172 1301 um,
185 1234 259 1303 quod
270 1235 349 1288 initio
365 1234 567 1289 conservandae
580 1235 716 1289 libertatis
728 1239 812 1302 atque
824 1235 967 1302 augendae

85 1349 96 1364 .
118 1310 159 1363 rei
172 1310 295 1379 publicae
306 1311 404 1377 fuerat,
417 1312 445 1363 in
457 1310 612 1379 superbiam
628 1310 897 1379 dominationemque
912 1309 967 1381 [se]

119 1387 262 1453 convertit,
279 1387 422 1440 immutato
441 1403 517 1440 more
536 1404 625 1441 annua
641 1387 755 1455 imperia
771 1387 905 1455 binosque
916 1387 968 1440 im-

119 1467 261 1529 peratores
277 1462 330 1515 sibi
345 1463 451 1528 fecere;
470 1478 502 1516 eo
514 1463 596 1516 modo
608 1464 728 1516 minume
740 1479 819 1531 posse
830 1462 967 1533 putabant

119 1553 170 1605 per
180 1536 315 1590 licentiam
327 1537 490 1592 inselescere
499 1540 619 1591 animum
631 1538 785 1593 humanum.

173 1617 195 1670 7.
231 1612 287 1667 Sed
305 1630 338 1667 ea
356 1616 522 1682 tempestate
539 1631 655 1682 coepere
674 1632 703 1668 se
722 1615 839 1684 quisque
857 1615 968 1687 [magis]

120 1689 252 1744 extollere
263 1689 405 1758 magisque
417 1689 555 1757 ingenium
567 1689 595 1743 in
607 1694 735 1760 promptu
749 1690 858 1747 habere.
895 1693 920 1746 N
923 1709 967 1746 am

119 1767 230 1835 regibus
250 1765 315 1819 boni
335 1782 416 1841 quam
434 1765 496 1818 mali
513 1767 695 1834 suspectiores
714 1771 786 1835 sunt,
805 1785 968 1837 semperque

119 1843 162 1896 bis
173 1842 261 1895 aliena
269 1841 357 1894 virtus
368 1840 544 1893 formidolosa
556 1843 606 1894 est.
631 1841 687 1896 Sed
698 1843 794 1896 civitas
806 1843 967 1898 incredibile

119 1921 273 1972 memoratu
284 1919 327 1970 est
338 1916 441 1985 adepta
459 1915 588 1987 libertate
600 1920 734 1985 quantum
746 1916 823 1972 brevi
835 1919 968 1984 creverit;

119 1996 198 2048 tanta
209 1992 308 2062 cupido
320 1991 422 2059 gloriae
434 1991 591 2045 incesserat.
623 1993 642 2045 J
644 2009 687 2046 am
700 1993 818 2061 primum
826 1992 967 2062 juventus,

119 2068 200 2123 simul
216 2085 248 2122 ac
264 2067 328 2120 belli
346 2067 454 2135 patiens
473 2070 539 2134 erat,
557 2069 586 2120 in
603 2069 700 2123 castris
714 2085 764 2137 per
781 2068 902 2123 laborem
915 2086 967 2123 usu

119 2145 244 2199 militiam
258 2143 388 2209 discebat,
396 2142 537 2210 magisque
549 2143 578 2195 in
590 2143 697 2196 decoris
710 2145 791 2197 armis
803 2148 833 2197 et
844 2145 968 2199 militari-

118 2221 171 2275 bus
192 2220 269 2288 equis
288 2235 370 2288 quam
388 2219 417 2271 in
434 2218 546 2272 scortisv
557 2222 643 2287 atque
666 2219 796 2273 conviviis
817 2219 967 2275 lubidinem

119 2297 264 2351 habebant.
298 2296 390 2363 Igitur
401 2293 502 2348 talibus
514 2295 580 2347 viris
592 2311 645 2350 non
665 2293 742 2349 labos
760 2295 893 2363 insolitus,
912 2313 967 2351 non

118 2372 195 2427 locus
210 2372 282 2425 ullus
298 2387 378 2440 asper
396 2374 445 2424 aut
461 2370 563 2424 arduus
580 2373 647 2439 erat,
666 2388 720 2425 non
739 2377 861 2427 armatus
881 2372 968 2428 hostis

118 2448 324 2512 formidolosum
336 2447 424 2501 virtus
434 2447 524 2500 omnia
533 2445 685 2502 domuerat.
710 2449 766 2503 Sed
778 2450 882 2517 gloriae
893 2466 969 2504 max-

118 2541 212 2578 umum
224 2527 362 2578 certamen
374 2524 448 2576 inter
459 2524 532 2591 ipsos
544 2526 621 2589 erat3
640 2524 678 2578 sic
690 2542 720 2579 se
732 2525 848 2594 quisque
860 2526 968 2580 hostem

118 2601 209 2670 ferire,
216 2617 325 2654 mimum
337 2594 492 2665 ascendere,
503 2598 623 2668 conspici
635 2600 700 2654 dum
714 2602 769 2671 tale
781 2601 885 2655 lacinus
896 2601 969 2656 iace-

117 2681 170 2743 ret,
186 2676 369 2747 properabat3
388 2692 433 2729 eas
450 2672 566 2742 divitias,
584 2693 644 2730 eam
661 2677 760 2731 bonam
773 2677 875 2730 famam
893 2694 970 2746 mag-

118 2770 236 2822 namque
259 2752 430 2807 nobilitatem
451 2751 604 2821 putabant;
632 2753 721 2808 laudis
740 2753 820 2819 avidi,
839 2756 969 2822 pecuniae

118 2829 246 2884 liberales
270 2833 367 2896 erant;
395 2828 510 2897 gloriam
531 2828 679 2899 ingentem,
703 2829 815 2883 divitias
837 2828 968 2885 honestas

118 2906 252 2960 volebant.
289 2906 443 2960 Memorare
459 2921 574 2974 possem,
591 2905 692 2973 quibus
703 2907 731 2960 in
744 2906 811 2960 locis
826 2922 968 2961 maxumas

118 2980 238 3036 hostium
257 2982 348 3051 copias
365 2983 482 3051 populus
502 2982 642 3036 Romanus
657 2999 742 3052 parva
755 2999 838 3036 manu
853 2982 966 3053 fuderit,

119 3072 188 3123 quas
202 3058 279 3113 urbis
293 3063 393 3114 natura
408 3059 528 3113 munitas
543 3058 691 3126 pugnando
704 3060 816 3128 ceperit,
831 3058 860 3112 ni
875 3075 909 3114 ea
919 3075 966 3114 res

118 3129 226 3199 longius
237 3151 287 3189 nos
298 3135 333 3189 ab
344 3135 455 3205 incepto
467 3135 597 3190 traheret
