2275 3425
420 111 423 113 ’
493 112 702 162 JUGURTHA.
989 113 1020 165 95

172 192 327 247 venturum.
363 192 419 247 Sed
429 191 477 246 ubi
492 192 568 246 illum
580 192 673 261 procul
685 192 782 247 abesse
794 196 823 248 et
834 194 893 248 aliis
904 184 1022 264 negotiis

171 268 309 321 intentum
326 268 438 336 accepit,
455 267 559 336 majora
571 273 600 322 et
611 269 698 336 magis
714 285 811 337 aspera
827 270 940 338 aggredi
952 274 1022 325 tem-

171 361 224 414 pus
235 344 321 396 visum
335 348 384 398 est.
420 344 488 397 Erat
501 345 574 397 inter
586 345 705 413 ingentis
717 343 879 399 solitudines
891 346 1022 415 oppidum

171 437 300 488 magnum
324 423 408 488 atque
429 420 529 487 avalena,
549 422 657 474 nomine
682 421 777 490 Capsa,
799 421 877 490 cujus
898 423 1022 476 eonditor

173 496 308 551 Hercules
321 494 404 563 Libys
416 494 626 549 memorabatur.
663 496 731 565 Ejus
747 497 820 550 cives
833 498 907 567 apud
923 498 941 550 J
943 516 1023 566 ngur-

171 574 248 628 tham
260 571 401 639 immunes,
419 571 472 625 levi
488 571 610 639 imperio,
627 575 657 626 et
671 571 707 625 ob
723 589 756 626 ea
767 573 927 627 fidelissumi
940 574 1022 628 habe-

171 649 281 718 bantur,
298 647 396 700 muniti
412 647 557 700 advorsum
573 646 659 701 hostis
675 665 727 701 non
744 649 885 702 moenibus
900 650 1022 704 modoet

171 726 255 781 armis
274 728 359 792 atque
378 723 452 789 viris,
471 739 566 776 verum
586 725 669 777 etiam
689 724 776 778 multo
795 726 882 793 magis
901 726 1022 779 locorum

171 802 326 872 asperitate.
364 799 390 851 N
392 814 436 852 am
452 802 563 868 praeter
576 799 676 868 oppido
692 801 845 869 propinqua
863 801 917 855 alia
933 804 1022 855 omnia

171 883 256 945 vasta,
269 876 380 943 inculta,
395 875 505 943 egentia
520 892 612 943 aquae,
636 876 736 930 infesta
756 877 935 944 serpentibus,
956 895 1022 946 quo

158 973 232 1008 ⁴rum
243 954 284 1007 vis
296 952 365 1005 sicut
378 952 497 1003 omnium
506 951 626 1004 ferarum
638 950 728 1020 inopia
740 951 794 1005 eibi
806 950 907 1019 acri0r3
922 953 958 1006 ad
970 953 1022 1007 hoc

171 1034 269 1084 natura
286 1027 453 1095 serpentium
468 1028 528 1095 ipsa
543 1027 695 1096 perniciosa
711 1028 756 1081 siti
772 1030 858 1097 magis
875 1046 957 1097 quam
969 1031 1022 1083 alia

170 1124 201 1161 re
220 1102 384 1159 accenditur.
419 1102 487 1171 Ejus
503 1102 629 1172 potiundi
645 1103 762 1156 Marium
778 1121 906 1158 maxuma
922 1106 1021 1174 cupido

169 1182 314 1248 invaserat,
325 1194 409 1246 quum
421 1184 535 1248 propter
547 1196 627 1232 usum
638 1178 711 1242 belli,
720 1182 779 1231 tum
792 1180 856 1248 quia
867 1197 911 1233 res
923 1197 1020 1249 aspera

169 1256 322 1322 ridebatur,
339 1258 369 1307 et
387 1255 517 1308 Metellus
536 1255 667 1324 oppidum
688 1254 799 1308 Thalam
818 1272 916 1323 magna
933 1257 1021 1324 gloria

170 1337 288 1403 ceperat,
301 1331 376 1384 haud
388 1330 557 1385 dissimiliter
574 1332 656 1385 situm
670 1332 867 1400 munitumque,
880 1332 932 1385 nisi
945 1334 1020 1402 quod

154 1408 157 1415 ’
170 1411 243 1480 apud
252 1408 363 1462 Thalam
376 1423 429 1461 non
442 1408 522 1475 longe
534 1425 551 1461 a
562 1407 704 1461 moenibus
716 1407 820 1476 aliquot
832 1408 921 1462 fontes
933 1412 1020 1477 erant,

171 1488 322 1556 Capsenses
334 1501 389 1538 una
400 1485 481 1537 modo
495 1488 578 1552 atque
591 1501 624 1537 ea
634 1484 707 1537 intra
723 1484 854 1553 oppidum
868 1484 931 1553 jugi
942 1502 1019 1553 aqua,

169 1568 262 1618 cetera
278 1562 370 1632 pluria
381 1561 537 1614 utebantur.
575 1559 611 1614 Id
626 1560 720 1629 ibique
739 1560 811 1614 etin
830 1561 902 1614 omni
915 1561 1019 1630 Africa,

170 1657 240 1709 quae
251 1630 345 1708 produl
358 1655 374 1690 a
385 1637 454 1690 mari
466 1636 594 1690 incultius
606 1636 712 1704 agebat,
725 1653 757 1690 eo
769 1637 873 1690 facilius
885 1636 1020 1690 toleraba-

170 1720 223 1784 tur,
236 1715 301 1785 quia
316 1714 454 1767 Numidae
471 1714 632 1783 plerumque
648 1713 719 1768 lacte
730 1716 760 1767 et
770 1714 857 1767 ferina
869 1730 951 1767 came
962 1731 1020 1768 ves

169 1789 307 1858 eebantm,
326 1794 354 1845 et
368 1806 458 1859 neque
475 1790 559 1843 salem
578 1806 668 1859 neque
684 1790 737 1843 aha
752 1790 924 1843 irritamenta
939 1789 1020 1857 gulae

170 1868 352 1938 quaerebant;
378 1866 455 1919 cibus
473 1865 527 1918 illis
543 1866 688 1920 advorsum
711 1866 810 1920 famem
835 1869 918 1933 atque
937 1865 1020 1933 sitim,

169 1962 223 1998 non
235 1943 351 1998 lubidini
362 1959 451 2010 neque
463 1942 586 1994 luxuriae
598 1946 665 1995 erat.

222 2027 262 2075 90.
299 2020 389 2087 Igitur
402 2018 495 2071 consul
510 2017 635 2071 omnibus
647 2017 803 2086 exploratis,
816 2017 898 2071 credo
910 2018 954 2071 dis
965 2019 1019 2073 fre-

169 2099 320 2164 tus-nam
336 2099 431 2147 contra
449 2097 541 2147 tantas
559 2093 734 2146 difficultates
748 2093 858 2147 consilio
875 2094 941 2147 satis
957 2112 1019 2163 pro-

168 2173 262 2226 videre
274 2189 328 2224 non
340 2172 465 2236 poterat;
483 2170 586 2239 quippe
596 2171 678 2223 etiam
688 2170 819 2222 frumenti
831 2170 922 2238 inopia
933 2173 1019 2239 temp

168 2249 286 2313 tabatur,
299 2246 374 2315 quod
385 2244 522 2298 Numidae
533 2245 633 2313 pabulo
645 2246 751 2313 pecoris
763 2246 850 2313 magis
859 2263 940 2314 quam
953 2263 1018 2300 arro

169 2325 289 2391 student,
309 2325 338 2376 et
357 2321 549 2390 quodcumque
570 2325 665 2375 natum
685 2322 782 2389 irrorat,
798 2321 879 2389 jussu
897 2324 970 2391 regis
990 2324 1019 2376 iu

168 2401 226 2453 loca
241 2398 346 2452 munita
363 2396 542 2465 contulerant,
558 2413 625 2465 ager
642 2401 735 2451 autem
754 2397 847 2451 aridus
864 2402 892 2452 11
908 2399 1018 2466 frugum

167 2493 268 2530 vacuus
287 2491 321 2529 ea
338 2476 517 2542 tempestate;
535 2490 598 2526 nam
618 2474 731 2527 aestatis
750 2477 905 2528 extremum
923 2478 1018 2527 erat-

167 2556 260 2606 tamen
279 2567 328 2620 pro
347 2549 388 2603 rei
407 2550 485 2617 copia
503 2549 570 2602 satis
588 2549 765 2619 providenter
783 2553 911 2615 onomat,
934 2567 1018 2618 pecus

167 2645 254 2696 omne,
268 2626 343 2696 quod
359 2624 542 2694 superioribus
558 2625 656 2679 diebus
671 2625 790 2694 praedae
805 2626 902 2692 fuerat,
919 2625 1017 2694 equiti-

167 2704 219 2758 bus
235 2702 384 2758 auxiliariis
400 2701 537 2770 agendum
554 2702 689 2769 attribuit,
704 2704 738 2756 A.
752 2702 884 2756 Manlium
896 2701 1016 2768 legatum

167 2798 228 2835 eum
241 2779 397 2834 cohortibus
411 2779 547 2848 expeditis
562 2780 598 2831 ad
615 2779 743 2847 oppidum
759 2778 844 2845 Laris,
856 2776 903 2829 ubi
916 2777 1017 2845 stipen-

167 2857 242 2910 dium
262 2861 291 2911 et
313 2860 492 2910 commeatum
513 2856 657 2920 locaverat,
677 2854 717 2907 ire
738 2854 827 2922 jubet,
847 2853 968 2920 dicitque
988 2869 1018 2905 se

166 2932 391 3000 praedabundum
407 2937 470 3002 post
484 2947 586 3001 paucos
601 2932 661 2984 dies
674 2931 771 2984 eodem
783 2933 937 2983 venturum.
972 2929 1017 2982 Sic

166 3008 276 3077 incepto
288 3026 336 3062 suo
345 3010 481 3063 occultato
492 3009 583 3077 pergit
595 3008 630 3059 ad
644 3008 743 3058 flumen
756 3007 865 3058 Tenem.

219 3091 260 3139 91.
303 3085 432 3139 Ceterum
453 3086 481 3138 in
501 3084 599 3138 itinere
625 3081 748 3150 qnotidie
777 3096 860 3148 pecus
884 3081 1015 3133 exercitui

167 3179 218 3231 per
236 3162 381 3226 centurias,
400 3161 469 3214 item
488 3163 594 3214 turmas
613 3156 765 3224 aequaliter
784 3154 1016 3223 distribuentes
