2275 3425
478 152 687 201 JUGURTHA.
743 174 746 178 ²
902 157 910 170 ¹
978 159 1008 205 45

158 230 261 299 proelio
279 230 402 299 profugit
418 232 448 285 in
464 233 631 303 provinciam
649 249 682 287 ac
699 232 799 287 deinde
812 232 928 287 Romam
946 252 1009 289 con-

158 309 256 363 tendit.
300 309 369 363 'l'um
393 310 534 378 Jugurtha
548 311 681 380 >patratis
710 309 834 376 consiliis,
862 314 1009 380 postquam

158 387 245 439 omnis
262 386 410 441 Numidiae
428 386 593 455 potiebatur,
608 388 637 440 in
654 386 710 440 otio
727 385 832 439 lacinus
850 403 928 439 suum
947 404 1009 441 cum

158 463 247 515 animo
264 465 402 531 reputans,
420 463 518 517 timere
536 464 665 531 populum
685 463 837 515 Romanum
855 479 944 531 neque
961 464 1010 516 ad-

158 555 252 593 vorsus
269 540 338 592 iram
355 538 415 607 ejus
432 556 546 608 usquam
565 540 616 591 nisi
634 540 662 591 in
680 538 796 591 avaritia
811 537 963 593 nobilitatis
980 543 1010 593 et

149 616 272 683 pecunia
289 630 338 668 sua
355 631 432 683 spem
450 615 558 668 lia-bere.
598 615 698 685 ltaque
717 614 811 682 paucis
832 613 929 667 diebus
947 632 1009 669 cum

148 707 224 744 ‘auro
235 695 264 745 et
276 694 390 759 argento
402 692 487 745 multo
500 692 605 759 legatos
618 690 734 743 Romam
751 690 845 755 mittit,
859 691 919 757 quis
931 710 1009 761 prac-

157 767 237 834 cepit,
255 767 374 835 primum
391 767 433 821 uti
451 770 559 821 veteres
577 768 678 821 amicos
695 766 854 820 muneribus
872 768 999 835 expleant

157 842 257 895 deiude
274 859 357 896 novos
374 842 525 911 acquirant,
543 846 683 912 postremo
706 860 885 911 quaecunque
903 845 1004 911 possim

156 919 300 987 largiundo
309 936 408 989 parare
423 936 458 973 ne
470 924 640 974 cunctentur.
670 919 723 971 Sed
735 919 782 970 ubi
797 919 912 971 ltomam
924 919 1007 987 legati

156 1012 255 1049 venere
273 998 354 1049 etex
372 999 518 1064 praecepto
536 996 611 1063 regis
628 994 781 1062 hospitibus
801 994 925 1063 aliisque,
943 1013 1008 1064 quo

155 1087 216 1124 rum
229 1088 262 1125 ea
274 1074 440 1140 tempestate
451 1072 480 1124 in
493 1075 591 1125 senatu
602 1071 752 1124 auctoritas
768 1070 897 1137 pollebat,
910 1088 1009 1140 magna

154 1163 269 1201 munera
285 1147 391 1215 misere,
404 1151 484 1201 tanta
503 1147 680 1201 commutatio
696 1145 809 1199 incessit
827 1149 859 1199 ut
877 1163 912 1200 ex
933 1164 1008 1200 max-

154 1239 218 1276 uma
229 1222 332 1277 invidia
343 1224 371 1276 iu
383 1224 501 1291 gratiam
516 1227 545 1276 et
559 1223 681 1276 favorem
696 1221 850 1275 nobilitatis
867 1221 1006 1290 Jugnrtlra

155 1299 275 1364 veniret;
294 1316 408 1368 quorum
427 1315 490 1367 pars
509 1314 564 1366 spe,
588 1298 635 1352 alii
652 1298 773 1366 praemio
794 1297 899 1351 inducti
918 1300 997 1367 singu

153 1372 194 1426 los
212 1391 247 1427 ex
264 1379 360 1428 senatu
376 1374 524 1427 ambiundo
542 1373 705 1427 nitebantur
722 1390 757 1425 ne
772 1374 882 1440 gravius
898 1374 925 1426 in
945 1385 1006 1427 eum

154 1450 350 1504 consuleretur.
381 1450 472 1516 Igitur
483 1448 530 1502 ubi
541 1448 628 1516 legati
641 1449 708 1502 satis
727 1448 875 1514 confidunt,
889 1449 935 1503 die
947 1453 997 1503 con'

155 1525 253 1578 stituto
271 1529 381 1579 senatus
398 1526 523 1612 utrisque
542 1525 632 1578 datur.
669 1525 737 1577 'lum
752 1524 939 1579 Adherbalem
957 1525 1008 1578 hoc

154 1600 236 1653 modo
253 1601 327 1654 locut
328 1618 375 1654 ιιιιι
392 1601 553 1669 accepimus

149 1699 152 1702 ¹
209 1681 247 1731 14.
283 1677 298 1705 ‘⁶
308 1676 405 1731 Patres
422 1676 575 1746 conscripti.
619 1674 737 1744 Micipsa
757 1678 838 1746 pater
855 1692 933 1731 meus
951 1693 1007 1732 mo
1040 1708 1045 1718 ·

153 1752 227 1806 riens
247 1753 313 1806 mihi
333 1753 482 1822 praecepit,
498 1753 633 1821 utiregni
650 1751 797 1805 Numidiae
816 1756 1007 1809 tantummodo

153 1830 373 1898 procurationem
390 1831 585 1883 existumarem
604 1845 699 1895 meam,
713 1829 861 1883 ceterum
848 1846 896 1898 Jus
914 1832 967 1884 et'
959 1848 1006 1884 nn.

153 1906 260 1974 perium
274 1905 334 1974 ejus
348 1921 433 1973 penes
454 1923 502 1959 vos
514 1922 589 1970 esse3
614 1904 695 1958 simul
711 1905 830 1959 eniterer
845 1906 920 1961 domi
937 1908 1006 1961 mili-

152 1982 262 2051 tiaeque
277 1999 358 2051 quam
375 1997 503 2037 maxumo
522 1981 584 2034 usui
605 1997 666 2034 esse
684 1981 785 2050 populo
809 1981 939 2050 Romano,
959 2000 1007 2037 vos

152 2059 219 2113 mihi
237 2062 422 2126 cognatorum,
437 2074 486 2111 vos
503 2058 624 2111 affinium
641 2057 701 2111 loco
718 2057 863 2125 ducerem3
878 2060 901 2112 si
917 2076 951 2113 ea
967 2061 1004 2113 le-

152 2136 258 2202 cissem,
281 2135 309 2188 in
330 2137 423 2188 rostra
446 2133 566 2189 amicitia
594 2133 753 2201 exercitum,
778 2133 897 2202 divitias,
921 2137 1007 2189 muni-

151 2214 245 2265 menta
256 2211 334 2279 regni
348 2227 393 2264 me
404 2209 569 2264 habiturum.
606 2210 682 2274 Quae
697 2226 782 2278 quum
798 2214 946 2278 praecepta
959 2229 1006 2280 pa-

152 2287 238 2341 rentis
249 2288 303 2341 mei
315 2287 456 2355 agitarem,
465 2285 613 2355 iugurtha,
626 2287 706 2338 homo
716 2286 836 2340 omnium
849 2304 917 2356 quos
930 2291 1005 2341 terra

76 2394 80 2402 ·
152 2364 270 2417 sustinet
282 2363 521 2430 sceleratissumus,
533 2366 690 2430 contempto
706 2362 822 2431 imperio
833 2367 935 2430 vostro,
949 2364 1006 2416 Ma-

152 2440 265 2494 sinissae
284 2456 328 2493 mc
351 2443 478 2508 nepotem
498 2442 528 2493 et
546 2439 606 2507 jam
626 2438 662 2491 ab
686 2438 773 2507 stirpe
797 2440 899 2494 socium
921 2442 1005 2507 atquc

152 2516 269 2569 anticum
286 2516 379 2585 populi
398 2515 513 2569 Romani
529 2531 613 2582 regno
628 2515 799 2582 fortunisque
816 2515 941 2568 omnibus
959 2531 1005 2568 ex-

82 2602 84 2605 '
152 2592 229 2661 pulit.
266 2593 362 2660 Atque
378 2609 436 2660 ego,
452 2593 547 2661 patres
563 2591 717 2659 conscripti,
733 2591 860 2658 quoniam
878 2607 911 2644 eo
925 2590 1004 2644 misc

152 2669 253 2721 riarum
271 2671 403 2722 venturus
417 2684 499 2734 eram,
518 2666 617 2720 vellem
634 2667 726 2735 potius
740 2666 775 2719 ob
789 2682 852 2719 mea
869 2682 950 2734 quam
969 2666 1005 2719 ob

153 2743 287 2811 majorum
300 2760 422 2797 meorum
439 2743 573 2797 beneficia
588 2759 667 2811 posse
686 2759 730 2795 me
748 2740 856 2795 avobis
872 2741 1003 2793 auxilium

152 2823 255 2887 petere,
270 2836 302 2873 ae
317 2835 444 2873 maxume
462 2818 557 2872 deberi
572 2818 639 2871 mihi
652 2818 784 2872 beneficia
800 2832 816 2869 a
830 2815 931 2884 populo
950 2815 1004 2868 Ro-

152 2895 342 2963 manoqnibus
355 2911 410 2947 non
426 2911 552 2962 egerem;
545 2892 714 2947 ·secundum
732 2909 771 2959 ca,
786 2909 811 2976 ιι
801 2889 1005 2944 desideranda
1091 2918 1094 2923 >

153 2973 240 3037 erant,
251 2971 293 3024 uti
307 2970 407 3024 debitis
422 2973 523 3024 uterer.
559 2969 614 3024 Sed
626 2969 754 3056 quoniam
768 2982 864 3034 parum
877 2968 938 3018 tuta
954 2981 1004 3031 per

153 3061 184 3100 se
194 3047 254 3115 ipsa
270 3046 394 3115 probitas
409 3050 459 3113 est,
473 3062 563 3115 neque
577 3044 666 3097 mihi'
658 3060 686 3095 m
701 3058 783 3094 manu
799 3039 853 3092 fuit
864 3037 1004 3105 Jugurtha

153 3122 241 3190 qualis
257 3123 336 3190 foret,
357 3123 393 3176 ad
411 3139 459 3175 vos
477 3121 593 3187 confugi,
609 3122 703 3187 patres
722 3113 876 3200 conscripti,
895 3112 1002 3196 quibus³

152 3199 228 3269 quod
239 3199 305 3253 mihi
317 3199 508 3252 miserrumum
518 3201 569 3259 est,
581 3211 663 3261 cogor
674 3193 750 3261 prius
761 3188 837 3242 oneri
849 3202 930 3254 quam
942 3184 1003 3239 usui

541 3275 560 3325 5
