2275 3425
471 121 682 171 Jrrcunrrm.
729 136 742 191 ,⁴
974 130 1002 176 m

152 200 293 269 Jugurtha
313 202 479 270 respondere
499 201 594 270 jussus
616 208 666 273 est,
688 205 718 259 (i.
740 205 858 261 Baebius
878 206 1005 262 tribunus

152 278 249 347 plebis,
267 295 347 346 quem
364 278 477 346 pecunia
495 283 654 347 corruptum
673 297 755 349 supra
770 282 896 351 diximus,
911 300 1004 352 regom

152 360 244 410 tacere
263 354 353 422 jubet,
374 371 405 408 ac
425 355 535 408 tametsi
559 356 716 424 multitudo,
742 359 859 426 quaein
879 362 1005 423 contione

151 432 254 495 aderat,
264 431 441 483 vehementer
449 447 563 484 accensa
576 432 699 486 terrebat
711 450 774 487 eum
787 435 911 504 clamore,
919 437 1002 504 voltu,

152 526 233 577 saepe
249 508 354 574 impetu
374 510 458 575 atque
477 507 536 559 aliis
551 507 684 574 omnibus,
705 527 775 577 quae
789 511 830 563 ira
846 511 905 564 lieri
922 518 1002 582 amat,

151 586 216 638 vicit
234 589 326 638 tamen
344 583 521 651 impudentia.
558 584 604 637 Ita
620 584 738 654 populus
755 586 875 640 ludibrio
893 588 1004 643 habitus

151 661 323 715 executione
343 659 474 724 discedit3
493 659 648 727 Jugurthae
667 661 831 731 Bestiaeque
849 667 878 716 et
893 666 1001 733 ceteris,

150 754 218 806 quos
229 736 276 790 illa
289 736 412 805 quaestio
425 735 591 804 exagitabat,
604 736 686 789 animi
699 743 855 805 augescunt.

202 820 242 867 35.
285 813 353 865 Erat
374 828 406 864 ea
427 813 594 879 tempestate
616 812 719 866 Romae
741 814 862 868 Numida
883 815 1002 884 quidam,

150 889 258 942 nomine
275 888 401 954 Massiva,
420 887 552 941 Gulussae
569 889 650 955 filius,
667 887 826 944 Masinissae
842 908 934 961 nepos,
947 894 1001 960 qui,

150 965 214 1033 quia
232 965 260 1017 in
279 963 447 1018 dissensione
464 980 560 1031 regum
578 965 735 1032 iugurthae
753 967 885 1020 advorsus
903 967 1000 1035 fuerat,

150 1040 244 1093 dedita
257 1040 333 1094 Cirta
345 1044 373 1093 et
386 1039 546 1093 Adherbale
557 1033 705 1092 interiecto
717 1042 848 1110 profugus
861 1059 896 1095 ex
907 1043 1002 1096 Africa

149 1115 260 1170 abierat.
302 1117 375 1170 Huic
399 1116 444 1184 Sp.
467 1116 592 1183 Albinus,
618 1116 665 1184 qui
688 1133 821 1184 proxumo
845 1134 915 1170 anuo
939 1123 1001 1186 post

150 1192 272 1246 Bestiam
285 1209 346 1246 cum
360 1193 390 1255 Q.
403 1191 523 1244 Minucio
537 1191 610 1244 Rufo
623 1192 793 1244 consulatum
805 1192 928 1259 gerebat,
940 1211 1001 1262 per·
1014 1229 1019 1239 ‚

149 1268 255 1335 suadet,
275 1268 402 1336 quoniam
422 1283 456 1320 ex
476 1267 561 1334 stirpe
581 1267 741 1319 Masinissae
760 1268 803 1333 sit,
823 1268 1001 1335 Jugurtham-

149 1342 224 1413 [que]
236 1342 271 1396 ob
284 1343 387 1396 scelera
403 1341 505 1395 invidia
517 1357 579 1394 cum
594 1345 670 1394 metu
682 1346 805 1409 urgueat,
817 1360 930 1410 regnum
945 1344 1001 1398 Nu-

148 1418 249 1471 midiae
268 1417 303 1471 ab
324 1422 422 1472 senatu
441 1420 526 1485 petat.
565 1417 673 1469 Avidus
691 1417 784 1470 consul
801 1417 867 1472 belli
885 1420 1000 1486 gerundi

148 1495 251 1547 moveri
268 1510 350 1563 quam
367 1509 508 1546 senescere
524 1493 615 1546 omnia
630 1492 766 1558 malebat;
789 1494 841 1561 ipsi
862 1496 1001 1564 provincia

149 1569 286 1637 Numidia,
300 1569 420 1623 Minucio
433 1568 595 1621 Macedonia
607 1572 742 1622 evenerat.
768 1570 843 1635 Quae
855 1574 1000 1639 postquam

150 1644 268 1698 Massiva
283 1646 389 1713 agitare
401 1644 498 1714 coepit,
510 1661 600 1714 neque
613 1644 633 1696 J
634 1644 769 1712 ugurthae
785 1646 813 1698 in
827 1647 920 1700 amicis
933 1644 999 1701 satis

148 1722 276 1789 praesidii
288 1725 338 1789 est,
351 1722 425 1791 quod
438 1738 531 1775 eorum
548 1722 631 1775 alium
645 1723 817 1789 couscientia,
830 1723 912 1776 alium
928 1725 999 1778 mala

147 1796 220 1851 fama
232 1802 260 1852 et
272 1799 354 1852 timor
365 1798 542 1867 impediebat,
555 1798 701 1851 Bomilcari
713 1814 845 1867 proxumo
861 1816 893 1853 ac
907 1816 998 1853 maxu-

147 1890 192 1928 me
212 1874 268 1928 lido
288 1873 338 1927 sibi
359 1874 484 1946 imperat,
504 1874 604 1943 pretio,
626 1874 706 1927 sicuti
729 1874 815 1928 multa
836 1875 997 1944 confecerat,

146 1950 320 2003 insidiatores
347 1949 481 2003 Massivae
502 1954 592 2017 paret,
613 1966 644 2003 ac
668 1967 795 2003 maxume
820 1951 934 2012 occulte.
956 1953 998 2005 sin

146 2026 175 2079 id
194 2042 290 2095 parum
307 2025 446 2094 procedat,
464 2026 559 2094 quovis
577 2025 658 2079 modo
677 2025 824 2079 Numidam
842 2027 997 2082 interficiat.

146 2102 284 2156 Bomilcar
299 2105 408 2155 mature
423 2103 496 2168 regis
513 2102 643 2155 mandata
660 2102 827 2170 exsequitur,
842 2106 871 2170 qt
887 2120 937 2172 per
952 2104 998 2156 ho-

145 2179 232 2232 mines
252 2177 315 2231 talis
336 2177 438 2245 negotii
461 2177 581 2230 artifices
604 2178 704 2231 itinera
727 2194 910 2246 egressusque
929 2178 996 2247 ejus,

145 2258 284 2323 postremo
299 2254 359 2306 loca
374 2257 459 2321 atque
474 2256 600 2320 tempora
616 2256 715 2306 cuncta
731 2253 870 2321 explorat:
889 2253 996 2322 deinde,

144 2329 191 2383 ubi
208 2347 253 2383 res
268 2328 433 2398 postulabat,
448 2327 563 2381 insidias
579 2329 677 2382 tendit.
715 2329 805 2396 Igitur
822 2346 893 2382 unus
910 2346 946 2384 ex
964 2348 997 2383 co

145 2422 264 2470 numero,
276 2405 324 2474 qui
340 2405 376 2457 ad
392 2403 503 2457 eaedem
518 2404 609 2474 parati
622 2408 709 2473 eraut,
721 2406 802 2473 paulo
818 2405 997 2460 inconsultius

145 2480 291 2534 Massivam
308 2479 481 2548 aggreditur3
500 2480 576 2533 illum
593 2480 747 2547 obtruncat,
761 2480 810 2534 sed
825 2481 884 2549 ipse
900 2481 996 2550 depre-
1084 2479 1087 2484 ’

144 2556 244 2609 lrensus
261 2556 356 2609 multis
373 2555 549 2609 hortantibus
567 2559 597 2609 et
614 2556 642 2609 in
660 2557 757 2626 primis
771 2556 872 2609 Albino
887 2558 997 2611 consule

144 2631 274 2685 indicium
286 2631 439 2700 profitetur.
477 2632 522 2685 Fit
538 2648 601 2685 rens
616 2632 703 2699 magis
718 2648 752 2685 ex
769 2649 856 2700 aequo
869 2631 996 2701 bonoque

144 2724 226 2775 quam
239 2725 273 2761 ex
282 2708 346 2775 juro
357 2708 479 2774 gentium
492 2707 637 2775 Bomilcar,
646 2724 736 2762 comes
749 2708 868 2776 ejusqui
881 2707 996 2761 Romam

144 2783 200 2835 lide
223 2783 331 2851 publica
353 2786 473 2837 venerat.
516 2785 558 2837 At
578 2783 720 2851 ,Iugurtha
743 2783 901 2836 manifestus
925 2783 995 2837 tanti

145 2859 254 2913 sceleris
271 2876 325 2913 non
342 2860 418 2927 prius
437 2860 528 2914 omisit
546 2864 642 2913 contra
659 2875 756 2912 verum
774 2858 826 2912 niti
843 2874 924 2925 quam
942 2858 996 2911 ani-

143 2950 218 2987 mum
232 2935 353 2988 advortit
368 2952 450 3003 supra
461 2936 578 3002 gratiam
590 2940 674 3003 atque
685 2935 827 3003 pecuniam
841 2948 917 2989 suam
929 2934 996 2986 inri-

143 3008 217 3063 diam
232 3012 296 3064 facti
309 3027 376 3063 esse.
413 3011 508 3075 Igitur,
522 3025 686 3079 quamquam
701 3009 832 3076 inpriore
843 3008 949 3060 actione
961 3023 995 3058 ex

143 3086 236 3139 amicis
254 3086 451 3154 qninquaginta
469 3085 551 3138 vades
569 3085 694 3149 dederat,
707 3098 792 3149 regno
810 3081 896 3147 magis
914 3096 995 3148 quarn

143 3163 258 3216 vadibus
276 3161 511 3226 commensalem
531 3161 559 3212 in
579 3158 736 3212 Numidiam
756 3155 936 3209 Bomilcarem
955 3155 995 3206 di-
