2275 3425
280 142 863 193 c.SALLUsu10RISP1JUGURTHA.
963 148 994 195 31
1073 195 1075 199 .

142 222 239 279 luxum
259 225 346 291 atquc
365 222 499 291 ignaviam
520 226 642 277 aetatem
661 227 754 291 agunt,
777 228 900 278 ceterum
920 224 995 293 inge

145 300 228 366 nium,
240 316 294 368 quo
310 315 399 368 neque
415 298 512 352 melius
527 316 617 368 noque
633 300 750 369 amplius
761 301 837 353 aliud
852 301 880 354 in
896 303 995 354 natura

144 375 299 429 mortalium
313 379 361 441 est,
373 375 477 428 incultu
493 379 577 445 atque
590 375 713 429 secordia
729 380 884 444 torpescere
896 376 994 434 sinunt,

145 468 228 521 quum
240 452 404 521 praesertim
412 455 470 504 tam
482 452 586 506 multae
595 453 740 521 variaeque
753 452 808 505 sint
817 456 891 505 artes
902 452 994 518 animi,

145 527 245 596 quibus
257 544 362 580 sunrma
374 526 510 580 claritudo
521 532 640 596 paratur.

197 610 220 658 3.
257 602 362 656 Verum
376 620 411 655 ex
425 602 468 657 his
484 603 660 671 magistratus
675 606 705 658 et
720 604 842 673 imperia,
856 607 995 673 postremo

144 680 232 733 omnis
244 696 309 733 cura
320 696 411 733 rerum
423 679 593 748 publicarum
605 680 726 734 minume
735 681 801 734 mihi
813 682 864 734 hac
876 684 994 749 tempes-

144 757 204 809 tate
222 755 360 824 cupiunda
379 756 515 824 videntur,
536 757 664 825 quoniam
684 773 773 826 neque
792 757 888 810 virtuti
909 757 994 810 honos

50 840 54 850 ·
145 831 235 899 datur,
246 847 336 899 neque
349 831 396 898 illi,
410 832 509 900 quibus
523 850 574 903 per
587 833 712 887 fraudem
726 834 750 886 is
762 834 820 897 fuit
832 833 887 886 tuti
901 836 950 886 aut
962 849 994 887 eo

144 907 231 975 magis
242 907 349 961 honesti
361 910 432 961 sunt.
459 908 485 961 N
487 924 531 961 arn
543 909 570 962 vi
582 909 694 977 quidem
707 926 804 978 regere
815 909 932 977 patriam
945 913 994 961 aut

145 986 280 1051 parentes,
290 998 454 1052 quamquam
467 987 496 1038 et
507 986 595 1052 possis
608 991 636 1038 et
649 985 750 1038 delicta
761 985 888 1052 corrigas,
901 987 994 1038 tamen

144 1059 331 1128 importunum
347 1063 397 1126 est,
411 1077 495 1128 quum
511 1060 673 1128 praesertim
691 1077 785 1114 omnes
801 1078 893 1114 rerum
905 1064 994 1114 muta-

145 1135 232 1188 tiones
243 1134 362 1200 oaedem,
374 1135 466 1203 fugam
483 1135 591 1204 aliaque
606 1136 717 1190 hostilia
728 1136 909 1205 portendant3
926 1136 995 1189 frus

144 1214 189 1264 tra
212 1214 305 1265 autem
322 1211 382 1277 niti,
401 1225 490 1277 neque
513 1211 589 1265 aliud
613 1228 643 1265 se
662 1212 803 1280 fatigando
826 1211 879 1264 nisi
901 1211 994 1264 odium

145 1303 277 1355 quaerere
295 1290 435 1341 extremae
452 1287 608 1341 dementiae
624 1290 682 1353 est;
698 1288 751 1340 nisi
768 1288 840 1341 forte
856 1303 937 1354 quem
954 1287 994 1339 in-

144 1361 260 1416 honesta
275 1366 305 1416 11
320 1363 471 1430 perniciosa
486 1362 580 1416 lubido
596 1365 675 1416 tenet
690 1364 830 1431 potentiae
846 1378 994 1431 paucorum
1041 1423 1048 1434 ι

146 1437 229 1491 decus
241 1441 325 1505 atque
336 1438 494 1491 libertatem
507 1455 584 1491 suam
595 1439 751 1506 gratificari.

196 1520 221 1567 4.
257 1513 386 1568 Ceterum
401 1530 436 1567 ex
452 1513 512 1567 aliis
528 1514 652 1582 negotiis,
666 1531 735 1582 quae
747 1513 857 1581 ingenio
869 1529 1005 1578 examen,

145 1592 199 1655 tur,
211 1590 239 1643 in
250 1590 346 1657 primis
359 1606 458 1657 magno
469 1591 531 1643 usui
543 1593 587 1644 est
601 1591 730 1643 memoria
742 1606 833 1642 rerum
848 1593 992 1657 gestarum.

147 1666 233 1736 Cujus
245 1665 281 1719 dc
290 1666 391 1720 virtute
401 1666 465 1735 quia
477 1666 556 1721 multi
569 1666 665 1721 dixere
676 1666 906 1736 praetereundum
919 1669 994 1736 puto,

146 1743 272 1796 simulne
284 1759 333 1812 per
344 1742 515 1797 insolentiam
525 1744 587 1813 quis
599 1745 747 1798 existumet
758 1746 861 1797 memet
873 1742 993 1796 studium

146 1808 237 1872 ineum
253 1818 390 1872 laudando
406 1819 545 1874 extollere.
583 1822 678 1889 Atque
695 1836 745 1887 ego
760 1819 842 1873 eredo
858 1820 924 1886 fore,
938 1818 994 1887 qui,

146 1895 211 1964 quia
229 1893 337 1948 decrevi
353 1895 447 1962 procul
465 1912 482 1949 a
502 1913 533 1950 rc
551 1896 660 1964 publica
675 1899 794 1950 aetatem
811 1911 900 1963 agere,
915 1899 994 1949 tanto

145 1974 258 2040 tamque
266 1970 328 2024 utili
340 1970 427 2023 labori
439 1988 500 2025 meo
509 1988 607 2025 nomen
619 1971 736 2026 inertiae
747 1971 904 2040 imponant3
918 1974 995 2024 certe

146 2046 245 2115 quibus
264 2062 391 2100 maxuma
411 2047 547 2101 industria
565 2048 676 2102 videtur
697 2047 816 2101 salutare
837 2046 944 2116 plebem
966 2050 995 2100 et

145 2123 274 2177 conviviis
285 2123 402 2190 gratiam
415 2139 557 2191 quaerere.
585 2123 638 2189 Qui
651 2123 674 2176 si
685 2122 881 2191 reputaverint,
895 2126 924 2176 et
936 2123 995 2191 qui-

144 2197 197 2252 bus
213 2214 264 2266 ego
277 2198 446 2267 temporibus
462 2200 641 2268 magistratus
658 2199 775 2266 adeptus
788 2200 846 2265 sim,
859 2202 889 2252 et
901 2199 995 2266 quales

144 2274 196 2327 viri
216 2273 290 2327 idem
308 2275 417 2343 assequi
437 2275 618 2344 nequiverint,
636 2278 666 2329 et
685 2278 782 2343 postea
803 2292 872 2343 quae
893 2291 995 2341 genera

144 2350 284 2404 homiuum
306 2350 335 2402 in
358 2352 484 2416 senatum
503 2351 687 2419 pervenerint,
707 2350 830 2420 profecto
848 2350 994 2403 existuma-

144 2425 215 2480 bunt
227 2441 271 2478 me
283 2426 369 2493 magis
381 2427 479 2480 merito
490 2443 571 2494 quam
584 2426 692 2495 ignavia
700 2425 836 2494 judicium
846 2426 928 2479 animi
940 2425 994 2478 11111

124 2522 128 2528 ·
145 2502 301 2568 mutavisse,
315 2501 458 2570 majusque
472 2503 644 2556 commodum
661 2519 696 2555 ex
712 2502 768 2556 otio
784 2519 846 2556 meo
860 2518 942 2571 quam
960 2518 994 2554 ex

145 2577 260 2630 aliorum
271 2577 390 2644 negotiis
401 2578 441 2631 rei
453 2577 578 2646 publicae
587 2581 738 2631 venturum.
766 2578 838 2631 Nam
851 2594 932 2646 saepe
945 2593 994 2645 ego

145 2652 237 2706 audivi
255 2652 286 2716 Q.
302 2653 470 2720 Maxumum,
491 2654 519 2707 P.
535 2653 697 2723 Scipionem,
714 2657 859 2720 praeterea
876 2653 995 2706 civitatis

145 2731 255 2782 nostrae
270 2729 425 2797 praeclaros
439 2729 511 2782 viros
527 2730 622 2783 solitos
637 2730 678 2783 ita
694 2728 792 2796 dicere,
811 2745 894 2796 quum
911 2728 995 2795 majo

145 2820 206 2857 rum
218 2803 350 2870 imagines
361 2805 542 2871 intuerentur,
550 2804 797 2858 vehementissume
809 2803 861 2856 sibi
874 2802 993 2855 animum

145 2879 183 2933 ad
202 2879 332 2932 virtutem
353 2880 478 2944 accendi3
503 2881 607 2934 scilicet
627 2897 680 2933 non
699 2896 790 2933 ceram
810 2879 885 2932 illam
905 2895 995 2946 neque

145 2955 261 3022 figuram
275 2957 381 3008 tantam
393 2955 448 3008 vim
459 2956 488 3008 in
501 2972 560 3009 sese
572 2955 681 3022 habere,
694 2954 743 3008 sed
760 2954 889 3007 memoria
903 2970 994 3005 rerum

145 3033 285 3098 gestarum
303 3047 363 3083 eam
381 3030 517 3084 flammam
535 3031 653 3098 egregiis
671 3030 737 3082 viris
754 3029 782 3080 in
799 3030 910 3094 pectore
926 3045 995 3080 cres-

145 3121 315 3172 cereusque
330 3107 409 3175 prius
422 3106 513 3159 sedari
528 3123 611 3175 quam
624 3104 710 3156 virtus
727 3119 821 3155 eorum
837 3101 937 3153 famam
954 3107 994 3153 at-

145 3198 199 3253 que
212 3181 326 3250 gloriam
342 3180 545 3249 adaequaverit.
583 3181 624 3233 At
635 3180 730 3231 contra
741 3177 803 3242 quis
816 3177 860 3228 est
873 3174 991 3227 omnium
