2275 3425
129 115 177 165 104
375 113 404 162 Ο.
422 109 597 161 SALLUSTI
613 108 746 168 CRISH,

129 198 287 263 minumum,
298 193 388 264 gratia
399 209 449 262 par
461 208 492 245 ac
504 192 527 244 si
539 208 625 261 prope
637 185 809 258 adessemus;
827 191 892 245 dein
904 186 979 259 quod

129 273 251 341 parentis
263 270 371 325 abunde
384 268 523 332 habemus,
535 268 683 322 amicorum
696 285 784 336 neque
796 267 875 322 nobis
889 284 980 336 neque

129 349 256 416 cuiquam
270 346 389 399 omnium
405 344 544 397 satisfuit.
582 346 677 411 Atque
692 343 743 396 hoc
754 343 858 397 utinam
875 360 892 397 a
906 345 980 411 prin-

129 424 199 492 cipio
211 421 263 477 tibi
276 420 434 491 placuisset:
451 419 575 488 profecto
588 435 623 473 ex
633 419 734 488 populo
747 419 868 473 Romano
879 419 917 472 ad
928 419 980 473 hoc

129 501 239 566 tempus
259 495 345 550 multo
365 495 445 564 plura
465 495 537 548 bona
557 495 705 564 accepisses
726 511 808 564 quam
819 492 900 548 'mala
919 508 981 564 per-

129 589 226 641 pessus
246 589 282 626 es
323 571 379 625 Sed
400 568 527 639 quoniam
545 571 724 623 humanarum
744 587 836 624 rerum
857 570 980 624 Fortuna

129 648 259 716 pleraque
273 647 353 714 regit,
368 647 411 700 eui
428 646 531 700 scilicet
546 645 681 714 placuisse
700 649 730 699 et
745 646 798 698 virn
816 649 846 700 et
862 641 980 713 gratiam

129 726 251 776 nostram
266 726 296 777 te
310 722 437 790 experiri,
448 738 527 787 nunc,
539 720 649 788 quaudo
665 737 715 790 per
729 721 803 775 illam
818 721 889 786 licet,
903 721 980 775 festi-

128 814 165 851 na
185 801 269 866 atque
289 799 330 852 uti
351 797 465 865 coepisti
484 813 577 866 perge.
612 796 702 850 Multa
722 801 806 866 atque
826 800 981 866 opportuna

129 873 222 941 habes,
233 889 288 942 quo
299 873 405 926 facilius
417 876 509 947 errata
520 872 614 927 ofiiciis
626 889 743 940 superes.
776 872 917 926 Postremo
929 872 980 926 hoc

128 952 157 1003 in
173 951 271 1018 pectus
286 951 364 1003 tuum
381 949 496 1003 demitte
513 964 662 1016 numquam
679 948 810 1017 populum
827 949 980 1002 Romanum

129 1025 268 1079 beneficiis
279 1025 381 1079 rictum
393 1041 467 1089 esse;
484 1040 546 1077 nam
563 1023 636 1077 bello
648 1023 715 1092 quid
725 1024 816 1078 valeat
832 1027 892 1078 tute
904 1024 978 1078 scis''

131 1101 178 1154 hd
198 1118 231 1155 ea
252 1100 375 1155 Bocchus
395 1098 501 1168 placide
521 1103 551 1153 et
572 1099 703 1167 benigne;
729 1099 808 1152 simul
826 1117 911 1168 pauca
928 1116 980 1168 pro

130 1176 231 1230 delicto
251 1192 299 1229 suo
317 1175 401 1229 verba
415 1175 494 1229 facit:
512 1174 567 1228 “se
585 1192 638 1229 non
657 1176 749 1229 hostili
768 1176 858 1229 animo
876 1176 926 1230 sed
943 1174 980 1230 ob

129 1268 244 1319 regnum
256 1252 403 1305 tutandum
420 1268 495 1304 arma
507 1251 618 1319 cepisse,
631 1268 693 1304 nam
707 1252 853 1305 Numidiae
864 1254 979 1320 partem,

129 1329 203 1381 unde
218 1327 246 1382 vi
262 1328 281 1381 J
284 1326 430 1395 ugurtham
447 1328 592 1397 expulerit,
606 1326 672 1394 jure
688 1327 753 1382 belli
771 1345 846 1381 suam
864 1328 980 1393 factam

130 1419 191 1456 eam
208 1404 310 1456 vastari
326 1420 343 1457 a
360 1404 448 1457 Mario
464 1404 523 1472 pati
540 1403 707 1470 nequivisse;
731 1408 874 1472 praeterea
890 1402 980 1457 missis

129 1481 211 1532 antea
232 1480 347 1533 Romam
367 1479 465 1547 legatis
485 1479 625 1547 repulsum
644 1478 679 1532 ab
698 1479 844 1534 amicitia:¹
857 1482 980 1533 ceterum

130 1557 224 1607 vetera
239 1556 374 1620 omittere,
386 1571 417 1607 ac
432 1557 499 1621 tum,
514 1555 538 1608 si
554 1570 604 1623 per
623 1554 740 1608 Marium
756 1555 861 1622 liceret,
874 1555 980 1622 legatos

130 1630 167 1683 ad
182 1634 306 1684 senatum
323 1631 489 1683 missurum.''
525 1631 598 1685 Dein
613 1627 692 1700 copia
706 1631 779 1685 facta
796 1631 901 1684 animus
918 1630 980 1683 bar-

130 1705 190 1759 bari
205 1706 241 1760 ab
256 1705 350 1761 amicis
367 1705 462 1775 flexus,
479 1721 547 1776 quos
563 1705 702 1776 Jugurtha
719 1706 827 1775 cognita
844 1705 980 1774 legatione

131 1782 221 1836 Sullae
235 1787 264 1836 et
280 1783 373 1850 Manli,
384 1787 510 1837 metuens
526 1783 555 1836 id
573 1783 645 1851 quod
661 1782 818 1852 parabatur,
831 1782 909 1836 donis
922 1798 980 1836 eor-

130 1861 251 1927 ruperat.

184 1941 240 1988 103.
277 1933 382 1987 Marius
399 1932 504 1987 interea
521 1935 643 1988 exercitu
662 1934 690 1986 in
709 1933 890 1988 hibernaculis
909 1950 980 1987 com·

129 2009 219 2078 posito
234 2026 296 2063 oum
310 2009 447 2078 expeditis
458 2008 616 2063 cohortibus
631 2013 660 2063 et
674 2013 755 2079 parte
767 2011 905 2078 equitatus
916 2026 980 2079 pro-

130 2085 261 2139 ficiscitur
275 2085 304 2137 in
320 2086 380 2139 loca
395 2085 452 2139 sola
467 2086 608 2139 obsessum
622 2086 721 2139 turrim
737 2085 847 2153 regiam,
861 2100 915 2154 quo
929 2085 948 2138 J
950 2102 980 2137 u·

129 2160 230 2229 gurtha
249 2160 377 2228 perfugas
397 2161 484 2213 omnis
507 2161 673 2235 praesidium
694 2161 867 2229 imposuerat.
889 2201 892 2205 ,
911 2160 980 2213 Tum

130 2253 224 2290 rursus
237 2236 367 2300 Bocchus,
381 2252 429 2288 seu
441 2236 593 2304 reputando
605 2251 676 2304 quae
689 2236 741 2290 sibi
753 2234 859 2289 duobus
870 2236 981 2304 proauis

129 2314 268 2378 venerant,
285 2328 334 2365 seu
348 2310 502 2365 admonitus
517 2311 552 2364 ab
567 2312 629 2365 aliis
644 2312 745 2379 amicis,
758 2328 825 2380 quos
841 2312 981 2381 incorrup

130 2392 174 2442 tos
192 2386 331 2456 Jugurtha
348 2385 506 2454 reliquerat,
526 2403 561 2440 ex
580 2388 653 2441 omni
671 2389 748 2457 copia
768 2389 980 2442 necessariorum

130 2463 251 2533 quinque
274 2463 385 2532 delegit,
406 2479 523 2532 quorum
543 2469 573 2518 et
596 2463 665 2519 fides
688 2464 797 2534 cognita
821 2467 850 2518 et
873 2464 982 2531 ingenia

130 2540 305 2593 validissuma
320 2543 405 2594 erant.
442 2540 497 2594 Eos
509 2540 545 2593 ad
559 2541 686 2609 Marium,
698 2559 729 2595 ac
742 2541 813 2609 dein,
828 2541 851 2593 si
865 2540 981 2609 placeat,

131 2616 246 2670 Romam
265 2616 370 2682 legatos
389 2616 429 2670 ire
444 2615 541 2683 jubet3
566 2616 733 2683 agendarum
755 2633 847 2669 rerum
866 2618 895 2669 et
916 2631 982 2683 quo-

83 2754 85 2758 ·
130 2708 247 2761 cumque
255 2692 337 2745 modo
346 2691 409 2745 belli
419 2691 598 2759 componendi
610 2691 747 2744 licentiam
759 2692 825 2760 ipsis
834 2691 980 2761 permittit

131 2766 177 2820 Illi
189 2770 298 2821 mature
309 2767 346 2821 ad
361 2767 475 2821 hiberna
489 2767 674 2820 Romanorum
688 2768 904 2836 proficiscuntur,
917 2765 983 2819 dein

129 2843 158 2895 in
172 2843 273 2914 itinere
288 2859 305 2896 a
319 2843 442 2898 Gaetulis
457 2842 609 2896 latronibus
625 2842 803 2896 circumventi
820 2841 983 2911 spoliatique

130 2917 222 2984 pavidi
241 2918 299 2972 sine
318 2919 416 2973 decore
434 2919 470 2972 ad
488 2918 590 2974 Sullam
608 2918 773 2986 profugiunt,
791 2934 872 2987 quem
888 2916 983 2970 consul

131 2992 159 3043 in
183 2994 383 3061 expeditionem
407 2995 580 3063 proficiscens
603 3009 653 3062 pro
676 2997 804 3062 praetore
826 2993 982 3061 reliquerat.

133 3067 186 3117 iios
205 3067 251 3119 ille
269 3085 322 3120 non
340 3068 390 3138 pro
409 3071 485 3123 vanis
504 3069 637 3135 hostibus,
654 3070 696 3122 uti
715 3069 807 3122 meriti
827 3072 915 3134 erant,
933 3067 983 3121 sed

132 3144 258 3193 accurate
273 3158 306 3196 ac
321 3144 471 3199 liberaliter
482 3144 593 3209 habuit3
611 3161 665 3212 qua
676 3162 707 3197 re
719 3143 828 3197 barbari
842 3148 872 3198 et
884 3144 984 3197 lamam
