2275 3425
130 107 162 155 sl
372 106 405 153 Ο.
423 102 598 152 SALLUSTI
615 101 732 150 ORISPI

131 206 195 243 nam
214 187 345 243 Metellus
363 188 538 254 conspectum
557 182 629 237 Mari
645 182 763 250 lugeret,
778 195 814 234 ne
825 178 934 234 videret
949 194 984 232 ee

132 283 203 335 quae
215 265 311 320 audita
322 264 428 318 animus
440 261 560 316 tolerare
570 258 739 329 nequiverat.

184 346 225 400 87.
262 340 318 395 Sed
337 339 430 394 consul
455 336 572 406 expletis
595 335 747 404 legionibus
771 332 984 400 cohortibusque

131 417 282 471 auxiliariis
301 416 330 468 in
349 407 444 482 agrum
462 414 582 467 fertilem
600 416 629 465 et
648 411 753 481 praeda
772 413 900 463 onustum
920 427 984 478 pro-

131 494 271 558 ficiscitur,
283 492 373 546 omnia
383 490 422 543 ibi
436 493 517 558 capta
533 488 667 543 militibus
683 488 773 549 donat,
790 486 854 539 dein
871 486 983 540 castella

132 573 162 623 et
174 569 276 638 oppida
287 571 385 620 natura
393 570 423 620 et
430 565 495 620 viris
503 582 600 634 parum
613 563 718 617 munita
729 563 896 630 aggreditur,
905 580 985 631 proe-

132 645 170 698 lis
181 645 275 709 multa,
287 646 409 697 ceterum
422 641 499 708 levia,
512 642 566 694 elia
577 640 637 693 aliis
648 639 714 692 locis
725 639 822 692 facere.
866 639 984 694 Interim
1032 677 1036 685 -

132 721 195 774 novi
213 720 315 773 milites
334 718 392 771 sine
407 721 483 771 metu
501 733 609 786 pugnae
627 716 731 783 adesse,
743 715 838 768 videre
853 716 985 784 fiigientis

133 797 193 863 capi
209 799 260 848 eut
275 793 368 861 occidi,
386 793 573 846 fortissumum
592 808 728 861 quemque
744 791 929 859 tutissumum,
942 810 986 846 ar-

133 873 186 926 mis
200 871 365 938 libertatem,
380 870 499 939 patriam
516 873 699 937 parentesque
711 871 741 922 et
752 868 806 922 alia
817 870 907 922 omnia
920 872 984 939 tegi,

134 947 248 1015 gloriam
268 950 353 1015 atque
375 946 484 999 divitias
506 944 608 1013 quaeri.
645 945 689 999 Sic
712 944 788 998 brevi
812 945 899 1013 spatio
922 947 985 999 novi

135 1027 298 1092 veteresque
317 1022 497 1085 coaluere‚·et
514 1021 603 1073 virtus
622 1021 741 1074 omnium
762 1021 882 1090 aequalis
904 1022 985 1076 facta.

136 1101 177 1165 At
188 1115 276 1167 reges,
291 1098 339 1151 ubi
356 1098 392 1151 de
408 1097 528 1150 adventu
544 1096 617 1148 Mari
635 1099 828 1165 cognoverunt,
842 1096 943 1151 divorsi
956 1099 986 1152 in

135 1176 209 1229 locos
229 1175 343 1228 difficilis
362 1173 471 1227 abeunt.
519 1172 565 1225 Ita
586 1172 742 1240 Jugurthae
765 1173 906 1240 placuerat
925 1191 986 1243 spe-

135 1251 208 1304 ranti
227 1268 291 1304 mox
308 1250 408 1304 effrrsos
426 1247 513 1301 hostis
530 1247 622 1301 invadi
634 1264 714 1316 posse
723 1268 730 1313 ;
748 1248 892 1316 Romanos,
905 1249 986 1304 sicuti

136 1326 287 1396 plerosque,
299 1329 406 1380 remoto
417 1328 492 1378 metu
505 1325 593 1377 laxius
604 1324 785 1393 licentiusque
796 1325 911 1380 futuros.
1003 1361 1013 1387 ,

189 1408 230 1456 88.
265 1402 395 1455 Metellus
406 1401 512 1453 interea
525 1399 641 1454 Romam
652 1399 790 1468 proiectus
802 1404 896 1454 contre
908 1418 986 1470 spem

137 1493 214 1531 suam
236 1478 399 1531 laetissumis
422 1475 520 1528 animis
543 1475 686 1543 excipitur,
709 1474 783 1543 plebi
806 1476 987 1546 patribusque

137 1557 281 1621 postquam
299 1552 401 1605 invidia
417 1551 574 1604 decesserat
590 1550 673 1618 juxta
688 1568 773 1605 eams.
810 1552 866 1605 Sed
882 1552 987 1607 Marius

92 1694 98 1705 .
136 1629 253 1697 impigre
274 1628 478 1697 prudenterque
499 1643 609 1679 suorum
628 1630 658 1680 et
677 1628 796 1681 hostiurn
817 1644 861 1681 res
880 1628 987 1697 pariter

137 1704 288 1769 attendere,
313 1720 475 1771 cognoscere
498 1702 564 1772 quid
588 1701 652 1756 boni
675 1704 801 1772 utrisque
824 1708 872 1759 aut
892 1708 988 1760 contra

138 1784 218 1847 esset,
228 1779 370 1848 explorare
382 1779 481 1832 itinera
492 1795 596 1845 regum,
605 1779 717 1832 consilia
728 1782 757 1832 et
769 1780 880 1835 insidias
892 1797 987 1835 eorum

138 1858 301 1924 antevenire,
327 1856 393 1910 nihil
412 1854 486 1924 apud
505 1871 535 1908 se
553 1855 707 1909 remissum-
720 1872 810 1925 neque
828 1858 903 1926 apud
926 1858 988 1911 illos

137 1936 229 1987 tutum
244 1934 310 2002 pati.
346 1934 445 2000 ltaque
457 1935 485 1985 et
498 1932 629 1985 Gaetulos
641 1935 670 1986 et
682 1933 701 1985 J
702 1933 849 2000 ugurtham
861 1950 896 1987 ex
908 1934 988 1989 sociis

138 2010 240 2063 nostris
253 2008 369 2077 praedas
383 2008 489 2075 agentis
506 2023 587 2075 saepe
603 2023 749 2074 aggressus
760 2008 788 2060 in
800 2009 898 2061 itinere
910 2008 987 2063 fude-

138 2088 190 2152 rat,
202 2086 346 2153 ipsumque
357 2100 450 2151 regem
462 2082 536 2135 haud
549 2083 643 2151 procul
658 2082 694 2135 ab
706 2083 806 2151 oppido
818 2083 894 2138 Cirta
905 2085 988 2138 armis

139 2164 259 2214 exueret.
303 2161 378 2225 Quae
397 2162 542 2226 postquam
562 2158 680 2226 gloriosa
703 2159 785 2213 modo
808 2177 898 2228 neque
922 2161 987 2213 belli

138 2236 266 2305 patrandi
282 2236 415 2303 cognovit,
431 2234 530 2288 statuit
545 2234 629 2302 urbis,
642 2251 712 2303 quae
723 2235 789 2289 viris
800 2238 849 2289 aut
862 2236 921 2290 loco
937 2253 988 2305 pro

138 2312 263 2366 hostibus
278 2315 308 2365 et
323 2311 468 2363 advorsum
482 2327 512 2363 se
528 2311 782 2379 opportunissumae
797 2316 883 2377 erant,
899 2313 989 2380 singu-

139 2390 179 2442 las
198 2387 407 2451 circumvenire;
431 2386 471 2439 ita
489 2386 657 2453 Jugurtham
674 2391 726 2457 aut
744 2387 887 2456 praesidiis
903 2388 989 2441 nuda-

139 2469 207 2531 tum,
232 2464 255 2516 si
278 2480 310 2515 ea
332 2464 482 2530 pateretur,
506 2466 554 2515 eut
578 2462 680 2530 proelio
703 2466 880 2517 certaturum.
916 2464 988 2516 Nam

140 2539 264 2594 Bocchus
286 2540 397 2592 nuntios
416 2537 452 2590 ad
471 2554 533 2590 eum
557 2555 639 2607 saepe
662 2539 782 2607 miserat,
801 2538 871 2593 velle
895 2539 988 2609 populi

140 2615 256 2670 Romani
275 2615 435 2679 amicitiam3
453 2630 488 2666 ne
504 2612 572 2682 quid
587 2614 622 2667 ab
638 2630 668 2667 se
683 2614 782 2668 hostile
798 2615 916 2668 timeret.
954 2615 989 2668 Id

139 2692 351 2757 simulaveritne,
376 2705 430 2758 quo
454 2689 616 2757 improvisus
642 2691 751 2757 gravior
781 2690 927 2758 accideret,
955 2708 989 2743 an

139 2769 292 2823 mobilitate
311 2766 402 2834 ingeni
421 2781 515 2834 pacem
534 2768 619 2834 atque
637 2765 739 2819 bellum
762 2769 870 2820 mutare
887 2766 990 2831 solitus,

140 2862 238 2915 parum
250 2843 423 2913 exploratum
436 2839 485 2895 est.

192 2926 232 2975 89.
268 2920 324 2973 Sed
344 2918 444 2984 consul,
469 2916 511 2970 uti
534 2920 677 2984 statueret,
701 2918 803 2987 oppida
822 2918 991 2987 castellaque

139 2996 246 3049 munita
264 2995 350 3062 adire,
363 2995 463 3063 partim
475 2993 510 3058 ri,
525 2993 579 3045 alia
597 2996 674 3046 metu
693 2998 741 3047 aut
759 2995 881 3062 praemia
899 2999 991 3048 osten-

140 3070 225 3123 tando
237 3074 361 3124 avortere
373 3070 408 3123 ab
419 3069 552 3123 hostibus.
590 3071 632 3122 Ae
648 3069 736 3137 primo
750 3070 899 3125 mediocria
912 3086 991 3139 gere-

140 3143 190 3197 bat
208 3144 377 3199 existumans
392 3146 411 3198 J
413 3144 560 3212 ugurtham
575 3143 611 3197 ob
627 3159 691 3197 suos
706 3147 836 3201 tutandos
851 3146 880 3201 in
894 3162 991 3202 manus
