2275 3425
130 136 176 188 'no
358 144 360 149 ’
386 142 414 189 o.
433 142 607 191 sauuusrr
628 123 746 190 carsrr

196 227 236 274 32.
273 222 350 275 Haec
373 225 457 290 atque
479 223 532 275 alia
554 221 743 291 hujuscemodi
767 239 848 291 saepe
871 222 991 275 dicundo

144 297 289 351 Memmius
312 298 412 366 populo
435 297 591 366 persuadet,
611 299 653 352 nti
677 298 707 351 L.
727 298 836 352 Cassius
860 299 907 368 qui
930 303 991 352 tum

142 379 253 441 praetor
268 377 328 426 erat
347 374 387 425 ad·
401 373 568 441 Jugurtham
589 375 754 441 mitteretur,
773 378 889 442 eumque
907 375 992 428 inter-

111 481 114 486 ·
141 450 231 517 posita
242 450 297 502 lide
309 449 416 518 publiea
431 450 546 503 Romam
563 450 685 517 duceret,
702 467 755 518 quo
770 451 874 504 facilius
890 451 990 505 indicio

141 526 214 593 regis
226 527 321 579 Scauri
333 531 362 580 et
374 527 547 595 reliquorum,
563 544 632 596 quos
647 528 778 596 pecuniae
795 533 890 595 captae
903 544 991 591 arces-

140 601 246 669 sebant,
259 602 360 656 delicta
371 604 542 672 patefierent.
569 604 643 656 Dum
654 604 721 657 haec
735 604 838 656 Romae
849 608 990 672 gemmtur,

141 679 188 746 qni
211 680 239 731 in
263 679 394 732 Numidia
416 680 504 733 relicti
526 697 543 732 a
564 680 659 734 Bestia
683 680 815 733 exercitui
838 674 990 748 praeerant,

141 756 228 808 secuti
244 772 347 808 morem
365 756 545 822 imperatoris·
556 753 621 824 [sui]
638 756 765 823 pluruma
784 759 814 809 et
837 755 990 823 flagitiosis-

141 849 219 884 suma
231 832 349 884 facinora
359 832 455 885 fecere.
488 832 577 885 Fuere
591 833 638 900 qui
650 848 715 885 auro
727 832 849 900 corrupti
861 832 990 901 elephan-

144 911 185 958 tos
197 907 215 959 J
219 908 354 974 ugurthae
370 908 526 973 traderent;
543 907 588 961 alii
600 908 729 976 perfugas
740 908 866 976 vendere,
877 924 942 976 pars
954 925 988 961 cx

143 983 246 1049 pacatis
259 984 376 1051 praedas
393 983 525 1051 agebaut3
542 987 622 1037 tanta
638 984 680 1036 vis
695 984 825 1038 avaritiae
841 983 868 1036 iu
885 984 990 1037 animos

142 1075 236 1112 eorum
251 1059 335 1112 veluti
355 1059 433 1112 tabes
453 1060 610 1114 inuaserat.v
633 1060 673 1113 At
693 1059 804 1113 Cassius
822 1060 927 1129 perlata
946 1077 990 1113 ro-

132 1136 253 1203 ·gatione
269 1152 286 1188 a
305 1136 334 1189 O.
352 1135 481 1188 Memmio
499 1152 530 1189 ac
548 1136 673 1204 perculsa
693 1136 766 1189 omni
790 1135 933 1189 nobilitate
954 1136 990 1190 ad

133 1212 310 1279 ,Jugurtham
337 1211 526 1280 proficiscitur,
553 1213 632 1280 eiquo
659 1212 755 1265 timido
779 1215 808 1265 et
832 1228 867 1265 ex
891 1212 993 1265 consci-

132 1290 217 1342 entia
229 1288 363 1342 diffidenti
376 1287 457 1341 rebus
473 1289 529 1341 suis
540 1289 695 1356 persuadet,
709 1287 835 1356 quoniam
848 1304 877 1341 se
889 1288 990 1356 populo

144 1364 266 1418 Romano
278 1365 408 1430 dedisset,
417 1381 452 1417 ne
461 1365 515 1417 vim
528 1381 609 1432 quam
621 1364 835 1417 misericordiam
847 1362 931 1433 [ejus]
943 1382 990 1418 ex-

141 1442 225 1509 periri
245 1442 346 1494 mallet
383 1440 515 1493 Privatim
536 1444 680 1509 praeterea
700 1440 784 1493 fidem
808 1457 884 1493 suam
907 1439 991 1514 inter-

141 1517 226 1585 ponit,
245 1535 326 1587 quam
345 1517 391 1570 ille
409 1533 463 1570 non
482 1516 594 1569 minoris
611 1533 691 1583 qnam
706 1516 843 1585 publicam
858 1516 991 1583 ducebat3

142 1593 206 1646 talis
218 1610 250 1646 ea
261 1597 426 1661 tempestate
438 1592 512 1646 fama
523 1592 664 1646 de‘Oassio
677 1596 743 1646 erat.

194 1674 234 1724 33.
254 1670 344 1738 Igitur
353 1670 372 1721 J
373 1669 492 1737 ugurtha
503 1672 598 1723 contra
610 1668 694 1722 decus
703 1669 809 1737 regium
821 1668 896 1723 cultu
908 1672 991 1737 qnam

142 1762 268 1799 maxume
282 1745 429 1799 miserabili
446 1763 508 1799 cum
521 1745 614 1798 Cassio
633 1744 747 1798 Romam
760 1745 842 1799 venit.
868 1747 909 1798 Ao
922 1749 992 1799 tam-

142 1822 195 1875 etsi
207 1822 234 1873 iu
246 1822 305 1889 ipso
320 1822 470 1889 magnatis
487 1822 569 1875 animi
583 1825 651 1887 erat,
665 1822 840 1875 confirmatus
856 1821 891 1875 ab
907 1818 991 1874 omni-

141 1897 200 1965 bus,
210 1914 324 1966 quorum
336 1899 459 1966 potentia
468 1902 516 1952 aut
528 1898 630 1951 scelere
642 1901 738 1951 cuncta
748 1915 779 1950 ea
787 1892 910 1965 gesserat
919 1914 991 1965 quae

142 1990 226 2042 supra
237 1974 363 2038 diximus,
374 1975 403 2027 Ο.
411 1974 544 2027 Baebium
557 1973 798 2042 tribunumplobis
810 1990 910 2042 magna
918 1990 991 2027 mer-

142 2049 210 2103 cede
221 2054 308 2118 parat,
322 2050 400 2117 cujus
414 2050 584 2118 impudentia
599 2054 694 2103 contra
708 2049 756 2116 jus
768 2053 798 2103 et
809 2050 923 2118 injurias
934 2066 992 2103 om-

142 2126 185 2178 nis
200 2126 322 2179 munitus
336 2126 414 2180 foret.
452 2129 492 2180 At
505 2127 534 2180 Ο.
547 2126 693 2179 Memmius
710 2125 842 2180 advocata
858 2128 990 2193 contione,

142 2218 305 2270 quamquam
323 2204 380 2270 regi
395 2203 494 2257 infesta
511 2202 606 2271 plebes
625 2207 691 2271 erat,
713 2207 742 2256 et
759 2220 823 2271 pars
840 2203 868 2255 in
884 2202 992 2256 vincula

143 2279 206 2331 duci
214 2276 339 2345 jubebat,
351 2296 423 2347 pars,
436 2279 464 2332 ni
477 2280 562 2331 socios
575 2279 685 2332 sceleris
697 2278 762 2349 [sui]
774 2279 901 2347 aperiret,
915 2295 991 2331 more

143 2356 276 2423 majorum
290 2356 325 2409 de
336 2355 416 2409 hoste
430 2353 591 2423 supplicium
607 2356 684 2422 sumi,
700 2355 827 2423 dignitati
840 2371 920 2424 quam
933 2356 991 2410 irae

144 2433 230 2500 inagis
242 2433 390 2499 consulens,
402 2431 499 2486 sedare
512 2435 603 2485 motus
615 2436 644 2485 et
657 2434 760 2485 animos
772 2448 866 2485 eornm
878 2432 991 2499 mollire,

143 2513 282 2576 postremo
291 2508 450 2561 confirmare
460 2508 544 2561 fidem
555 2507 691 2576 publicam
702 2525 752 2576 per
764 2524 824 2561 sese
835 2507 992 2561 inviolatam
1064 2541 1067 2544 -

144 2585 208 2638 fore.
246 2584 318 2649 Post,
342 2584 388 2638 ubi
412 2584 549 2656 silentium
574 2584 672 2652 eoepit,
696 2584 830 2653 producto
853 2583 993 2651 Jugurtha

144 2661 227 2714 verba
237 2661 311 2728 facit,
322 2660 425 2714 Rornae
435 2660 635 2729 Numidiaeque
646 2660 764 2713 facinora
776 2660 837 2727 ejus
848 2663 991 2725 memorat,

143 2738 246 2791 scelera
263 2736 292 2789 in
309 2741 416 2805 patrem
433 2737 587 2805 fratresque
603 2736 739 2800 ostendit;
759 2735 856 2805 quibus
872 2736 993 2803 juvanti-

143 2814 194 2866 bus
206 2812 359 2881 quibusque
373 2813 505 2867 ministris
517 2830 549 2884 ea
560 2813 656 2879 egerit,
669 2829 832 2881 quamquam
849 2811 993 2878 intellegat

60 2898 63 2904 '
143 2888 259 2957 populns
279 2889 422 2953 Romanus,
441 2893 534 2943 tamen
548 2888 616 2941 velle
635 2889 779 2943 manifesta
797 2888 883 2956 magis
896 2903 930 2940 ex
946 2886 993 2939 illo

144 2965 259 3030 lraber03
285 2965 309 3018 si
326 2982 420 3018 verum
440 2966 552 3033 aperiat,
570 2964 599 3017 in
617 2966 672 3018 lide
691 2968 720 3019 et
738 2963 883 3018 clementia
900 2962 993 3031 pupuli

147 3041 260 3095 ltomani
271 3058 398 3110 magnam
411 3059 488 3111 spem
500 3043 540 3095 illi
552 3042 648 3102 sitan1;
667 3043 708 3095 sin
719 3042 842 3108 reticeat,
851 3056 905 3094 non
914 3040 995 3094 sociis

145 3116 226 3169 soluti
239 3116 305 3182 iore,
315 3119 365 3171 sod
377 3136 406 3172 se
418 3134 535 3186 suasque
547 3134 610 3187 spes
622 3122 821 3187 corrupturum.

198 3197 237 3261 34,
275 3192 389 3259 Deinde,
409 3194 457 3247 ubi
477 3194 624 3248 Memmius
644 3193 756 3249 dicundi
773 3194 856 3248 finem
875 3193 949 3260 fecit,
966 3195 997 3247 et
