2275 3425
138 123 169 170 30
382 118 410 167 0.
428 115 605 166 sALLUsTI
622 114 740 164 CRISPI

137 199 268 253 advorsos
288 197 383 252 habeo.
420 196 473 261 Qui
497 195 566 249 mibi
589 198 673 265 atque
697 196 787 248 animo
810 205 871 248 meo
889 193 988 248 nullius

137 291 257 343 unquam
279 274 372 328 delicti
392 273 510 341 gratiam
531 272 664 341 fecissem,
684 271 758 324 hand
777 270 857 324 facile
874 270 988 324 alterius

136 349 252 404 lubidini
275 350 420 403 malefacta
443 347 636 402 condonabam.
672 346 729 401 Sed
752 363 785 400 ea
808 346 920 400 tametsi
940 363 988 400 vos

136 425 215 494 parvi
226 424 397 494 pendebatis,
409 428 501 478 tamen
513 421 680 491 respublica
692 422 771 476 firma
783 425 859 486 erat3
876 422 988 491 opulen-

136 501 178 554 tia
197 500 398 569 neglegentiam
415 498 559 553 tolerabat.
596 499 622 552 N
624 514 677 550 unc
694 514 760 552 vero
778 512 832 551 non
850 496 880 550 id
897 498 988 566 agitur

136 576 250 630 bonisne
263 592 298 629 an
309 575 388 630 malis
405 574 528 629 moribus
539 575 669 641 vivamus,
681 590 771 642 neque
788 576 921 641 quantum
939 577 988 627 aut

136 669 219 721 qnam
230 653 403 720 magnificum
415 652 560 722 imperium
572 650 665 719 populi
678 649 794 703 Romani
806 650 850 716 sit,
858 648 908 702 sed
919 650 988 704 haee

137 727 333 797 cujuscumque
354 728 428 781 modi
446 728 583 794 videntur,
602 730 698 780 nostra
718 742 753 778 an
773 725 916 779 nobiscum
933 741 988 778 una

137 802 256 857 hostium
272 803 366 858 futura
378 804 440 858 sint.
477 803 532 856 Hic
550 802 618 855 mihi
637 801 783 871 quisquam
800 800 988 854 mansuetudi-

136 894 199 932 nem
219 881 249 932 et
268 878 481 933 misericordiam
500 877 630 931 nominat.
666 876 840 946 Jampridem
858 875 987 944 equidem

137 969 187 1007 nos
207 969 273 1007 vera
290 954 422 1009 vocabula
440 970 533 1008 rerum
551 953 706 1016 amisimus3
724 953 789 1021 quia
809 950 881 1004 bona
900 951 988 1005 aliena

137 1028 231 1097 largiri
254 1029 409 1094 liberalitas
432 1030 565 1084 malarum
593 1044 686 1082 rerum
714 1027 829 1081 audacia
851 1026 987 1080 fortitudo
1055 1065 1057 1068 .

137 1108 257 1172 vocatur,
270 1122 303 1158 eo
315 1107 360 1160 r'es
376 1105 487 1174 publica
497 1106 526 1157 in
539 1108 665 1158 extremo
676 1104 730 1157 sita
747 1106 798 1157 est.
833 1102 896 1155 Sint
914 1118 986 1171 sane,
1013 1146 1017 1152 .

138 1181 265 1249 quoniam
278 1181 318 1235 ita
329 1199 359 1236 se
371 1198 460 1235 mores
477 1180 589 1246 habent,
602 1179 730 1233 liberales
742 1195 777 1232 ex
789 1179 923 1232 sociorum
936 1178 988 1230 for-

137 1256 219 1323 tunis,
234 1256 289 1309 sint
304 1257 495 1311 misericordes
515 1257 544 1308 in
562 1254 669 1308 furibus
687 1253 801 1315 aerarii:
818 1270 854 1307 ne
871 1253 911 1306 illi
929 1270 989 1306 san-

137 1333 248 1399 guinem
267 1336 391 1386 nostrum
412 1332 573 1400 largiantur,
592 1335 622 1384 et
644 1330 710 1383 dum
734 1329 828 1397 paucis
848 1329 988 1383 sceleratis

137 1411 258 1475 parcunt,
271 1407 355 1461 bonos
368 1409 454 1462 omnis
466 1406 606 1476 perditum
618 1409 689 1459 eant.
709 1405 785 1459 Bene
796 1408 826 1458 et
837 1405 988 1473 composite

138 1483 167 1536 Ο.
182 1484 283 1538 Caesar
302 1484 384 1552 paulo
401 1487 466 1537 ante
484 1484 512 1536 in
531 1483 583 1536 hoc
602 1481 698 1535 ordine
717 1480 753 1534 de
774 1480 832 1534 vita
850 1484 879 1535 et
898 1484 988 1534 morte

137 1558 273 1625 dissemit,
293 1559 384 1626 credo,
403 1559 472 1612 falsa
496 1559 665 1612 existumans
689 1573 721 1609 ea
744 1573 816 1625 quae
840 1556 988 1610 demseris

136 1639 329 1701 memorantur,
349 1634 458 1688 divorso
474 1629 574 1688 itinere
593 1632 680 1685 malos
699 1650 715 1685 a
731 1631 810 1685 bonis
827 1631 888 1686 loca
905 1634 987 1699 tetra,

136 1709 246 1778 inculta,
259 1710 435 1780 foedantque
447 1709 623 1764 formidolosa
633 1708 743 1762 habere.
769 1707 869 1776 Itaque
880 1706 987 1761 censuit

136 1788 265 1856 pecunias
288 1804 382 1841 eorum
405 1785 593 1856 publicandas,
617 1785 691 1853 ipsos
714 1800 764 1853 per
786 1784 935 1853 municipia
957 1783 987 1836 in

136 1863 267 1916 custodiis
281 1862 429 1931 habendos,
441 1862 569 1916 videlicet
585 1860 692 1925 timens
709 1876 752 1928 ne,
765 1860 788 1913 si
807 1859 910 1913 Romae
923 1859 986 1927 sint,

136 1940 213 1991 anta
231 1939 407 2007 popularibus
423 1937 621 2006 conjurationis
635 1939 684 1989 aut
701 1953 719 1989 a
732 1934 910 1989 multitudine
926 1951 987 1987 oon-

136 2012 220 2066 ducta
231 2028 281 2081 per
292 2014 346 2066 rim
355 2014 512 2083 eripiantur.
539 2012 622 2077 Quasi
633 2028 698 2065 vero
710 2010 774 2064 mali
784 2015 869 2080 atque
878 2010 986 2064 scelesti

136 2086 365 2141 tantummodum
377 2083 487 2142 urbe'et
502 2105 556 2140 non
573 2104 623 2153 per
638 2090 727 2141 totam
740 2086 849 2140 Italiam
863 2086 924 2151 sint,
937 2088 986 2140 aut

136 2179 190 2216 non
209 2164 248 2217 ibi
261 2165 322 2232 plus
340 2164 426 2233 possit
444 2163 564 2229 audacia„
578 2163 626 2215 nbi
643 2163 680 2216 ad
698 2161 903 2217 defendendum
920 2177 986 2231 opes

137 2239 256 2293 minores
279 2244 350 2293 sunt.
388 2241 479 2304 Quare
503 2255 602 2291 vanum
625 2239 753 2308 equidem
774 2238 826 2292 hoc
845 2236 986 2291 consilium

137 2320 187 2379 est,
201 2315 224 2368 si
240 2315 391 2383 periculum
412 2331 446 2367 ex
465 2314 518 2368 illis
538 2314 652 2378 metuit;
670 2314 712 2367 sin
730 2313 759 2366 in
770 2317 849 2367 tanto
865 2313 986 2366 omnium

137 2395 214 2444 metu
232 2391 305 2443 solus
324 2408 377 2444 non
396 2391 485 2457 timet,
497 2407 530 2444 eo
545 2391 632 2458 magis
650 2390 738 2444 refert
756 2405 800 2442 me
818 2388 884 2442 mihi
901 2393 986 2455 atque

136 2464 214 2519 vobis
234 2467 340 2520 timere.
377 2467 469 2530 Quare
488 2483 573 2534 quum
593 2466 628 2519 de
648 2465 677 2518 P.
695 2464 813 2518 Lentulo
833 2464 986 2530 ceterisque

137 2542 273 2608 statuetis,
282 2558 332 2611 pro
345 2545 421 2596 corto
434 2542 564 2596 habetote
576 2558 624 2595 vos
637 2541 716 2594 simul
729 2542 765 2593 de
777 2540 900 2594 exercitu
913 2537 986 2593 Gati-

136 2617 208 2671 linae
220 2622 249 2672 et
265 2617 300 2671 de
317 2619 442 2672 omnibus
458 2618 608 2686 conjuratis
620 2618 775 2683 decernere.
813 2616 920 2680 Quanto
938 2630 986 2667 vos

136 2694 270 2747 attentius
283 2711 315 2748 ea
327 2694 424 2762 agetis,
437 2697 514 2748 tanto
531 2693 586 2746 illis
602 2693 709 2746 animus
725 2691 858 2745 infirmior
875 2690 945 2744 erit:
963 2689 987 2742 si

137 2770 277 2838 paululum
289 2770 370 2823 modo
383 2787 431 2823 vos
447 2771 578 2838 languere
598 2768 723 2833 viderint,
732 2767 792 2835 jam
810 2782 904 2819 omnes
916 2765 986 2819 fero-

137 2858 182 2899 ces
194 2846 318 2901 aderunt.
354 2846 448 2900 Nolite
464 2847 630 2899 existumare
646 2859 765 2912 majores
782 2846 891 2896 nostros
902 2841 986 2893 armis

137 2937 195 2974 rem
207 2922 344 2989 publicam
356 2939 391 2976 ex
402 2938 488 2992 parra
496 2937 623 2988 magnam
636 2920 737 2973 fecisee.
757 2919 786 2972 si
798 2919 839 2971 ita
850 2933 895 2970 res
905 2919 985 2984 esset,

137 2997 223 3050 multo
242 2996 461 3067 pulcherrumam
481 3013 542 3052 eam
561 3013 611 3049 nos
631 2995 808 3060 baberemns3
826 2994 926 3061 quippe
944 3008 986 3045 so·

137 3071 240 3125 ciorum
252 3077 336 3143 atque
349 3074 456 3141 civium,
464 3076 607 3142 praeterea
616 3087 753 3124 armorum
761 3073 846 3138 atque
853 3084 986 3135 equorum

137 3147 225 3215 major
237 3149 315 3204 nobis
327 3151 405 3220 copia
420 3165 502 3217 quam
518 3147 573 3201 illis
591 3149 641 3200 eet
677 3144 734 3200 Sed
748 3144 804 3199 alia
821 3143 899 3198 fuere
915 3159 986 3208 quae
