2275 3425
127 132 159 180 32
372 131 400 179 G.
419 128 595 180 SALLUS'I'I
612 128 728 177 CRISPI

127 212 255 281 quoniam
273 212 359 267 verba
377 211 568 277 contemnitis;
589 210 639 265 sed
656 210 780 280 undique
800 210 978 264 circumventi

126 305 227 341 sumus.
258 289 375 343 Catilina
387 305 449 342 cum
460 288 583 342 exercitu
595 287 718 360 faucibus
729 291 838 355 urguet,
847 287 894 340 alii
906 287 978 341 intra

126 364 233 415 moenia
253 367 337 431 atque
357 363 385 416 in
404 364 466 417 sinu
484 362 560 416 urbis
580 366 644 417 sunt
663 357 765 429 hostes,
777 379 866 431 neque
886 362 977 431 parari

127 453 216 504 neque
228 438 330 492 consuli
342 439 487 507 quicquam
495 438 497 442 ’
504 438 610 492 occulte
621 441 729 507 potest;
747 455 802 507 quo
819 438 906 506 magis
917 455 978 507 pro-

127 512 278 580 perandum
299 517 349 568 est.
386 516 476 580 Quare
495 515 536 569 ita
559 531 611 583 ego
635 531 747 570 censeo:
772 532 857 584 quum
874 514 984 575 nefario
1065 524 1070 541 ¹

127 588 238 641 consilio
263 589 456 645 sceleratorum
480 591 579 644 civium
603 607 649 644 res
673 590 782 660 publica
805 590 834 643 in
850 606 978 643 maxuma

127 664 249 732 pericula
259 666 373 734 venerit,
384 666 468 734 hique
486 667 586 720 indicio
600 667 628 719 Τ.
643 667 769 721 Volturci
782 669 811 720 et
824 666 977 734 legatorum

129 739 309 809 Allobrogmn
321 742 441 796 convicti
454 743 626 811 confessique
641 743 696 796 sint
711 743 833 810 eaedem,
845 741 977 807 incendia,
996 739 1002 751 ¹

128 815 235 885 aliaque
255 834 284 871 se
305 817 386 872 foeda
404 822 488 887 atque
507 818 629 872 crudelia
652 819 773 872 facinora
796 819 825 871 in
844 818 910 871 civis
929 834 977 885 pa·

128 891 265 960 triamque
277 894 421 961 paravisse,
434 894 470 947 de
481 894 619 962 confessis,
632 894 713 948 sicuti
725 893 760 947 de
772 893 923 947 manifestis
935 910 977 946 re

128 983 189 1019 rum
202 969 366 1037 capitalium,
375 986 451 1023 more
462 969 598 1038 majorum
611 970 773 1039 supplicium
786 969 986 1036 sumundum.''‚

181 1050 222 1098 53.
258 1045 405 1113 Postquam
419 1046 487 1100 Cato
505 1046 616 1114 assedit,
628 1046 782 1099 consulares
794 1062 888 1098 omnes
900 1045 978 1098 item·

130 1136 183 1187 que
196 1124 306 1174 senatus
318 1137 416 1189 magna
433 1137 497 1191 pars
509 1122 672 1175 senteutiam
685 1120 746 1189 ejus
758 1120 879 1186 laudant,
892 1121 977 1174 virtu-

130 1201 187 1267 tem
210 1195 292 1249 animi
316 1196 353 1250 ad
379 1197 483 1251 coelum
506 1197 607 1265 feumt,
635 1197 681 1250 alii
711 1196 777 1250 alios
804 1196 977 1264 increpantes

130 1270 241 1325 timidos
264 1276 370 1341 vocant,
395 1273 463 1327 Oato
487 1273 577 1326 clarus
604 1276 689 1341 atque
713 1271 828 1341 magnus
850 1272 976 1339 babetur,

131 1347 217 1399 senati
229 1347 371 1402 decretum
383 1349 423 1415 fit,
436 1348 505 1402 sicut
516 1348 562 1401 ille
575 1351 726 1402 censuerat.
744 1348 800 1401 Sed
811 1347 879 1400 mibi
890 1347 977 1401 multa

131 1422 238 1490 legenti,
259 1424 347 1477 multa
366 1424 495 1490 audienti,
515 1440 585 1492 quae
609 1424 724 1492 populus
746 1424 885 1477 Romanus
902 1422 977 1476 domi

131 1498 303 1566 militiaeque,
324 1500 392 1553 mari
410 1503 493 1568 atque
513 1508 589 1553 terra
608 1500 747 1569 praeclara
765 1498 886 1552 facinora
903 1499 976 1567 fecit,

130 1574 202 1628 forte
220 1575 310 1629 lubuit
329 1576 474 1644 attendere
488 1593 559 1646 quae
576 1592 622 1629 res
634 1593 760 1629 maxume
772 1578 851 1629 tanta
867 1575 977 1643 negotia

131 1650 309 1705 sustinuisset.
346 1651 470 1705 Sciebam
492 1668 687 1721 saepenumero
708 1668 792 1720 parva
813 1667 896 1704 manu
913 1668 976 1704 cum

132 1727 235 1794 rnaovnis
263 1727 413 1794 legionibus
440 1728 559 1782 bostium
589 1728 769 1796 contendisse,
798 1743 976 1796 cognoveram

131 1803 220 1869 parvis
231 1804 315 1872 copiis
333 1803 405 1857 bella
422 1806 501 1872 gesta
512 1819 574 1857 cum
586 1804 722 1871 opulentis
735 1803 853 1871 regibus,
871 1802 908 1855 ad
924 1802 976 1856 hoc

131 1876 212 1946 saepe
223 1878 348 1932 fortunae
360 1879 514 1932 violentiam
531 1879 696 1944 toleravisse,
708 1879 835 1932 facundia
848 1878 976 1946 Graecos,
1072 1933 1075 1939 ,
1091 1930 1094 1935 ,

130 1953 215 2020 gloria
225 1953 291 2008 belli
304 1954 396 2008 Gallos
408 1958 472 2008 ante
485 1954 621 2008 Romanos
632 1954 726 2008 fuisse.
758 1957 800 2008 Ac
812 1954 878 2007 mihi
890 1954 977 2008 nrulta

130 2029 245 2095 agitanti
256 2029 398 2084 constabat
412 2046 560 2099 paucorum
577 2030 675 2084 civium
690 2031 827 2099 egregiam
845 2031 976 2084 virtutem

130 2109 226 2159 cuncta
237 2107 394 2173 patravisse,
413 2122 500 2174 eoque
515 2106 618 2159 factum
635 2107 678 2161 uti
696 2107 804 2160 divitias
821 2108 977 2174 paupertas,

129 2180 331 2234 multitudinem
348 2182 470 2250 paucitas
487 2185 638 2250 superaret,
671 2182 728 2237 Sed
746 2186 892 2251 postquam
910 2181 977 2235 luxu

129 2259 214 2324 atque
234 2256 340 2310 desidia
358 2257 454 2310 civitas
473 2260 603 2326 corrupta
621 2260 671 2325 cst,
691 2275 786 2311 rursus
805 2257 977 2326 respublica

129 2332 317 2402 magnitudine
329 2349 378 2386 sua
389 2333 585 2401 imperatorum
597 2335 680 2401 atque
693 2333 901 2404 magistratuum
910 2332 977 2386 vitia

130 2408 310 2475 sustentabat,
322 2425 360 2475 ac,
375 2408 452 2462 sicut
462 2409 544 2462 effeta
560 2412 713 2477 parentum,
725 2409 819 2462 multis
830 2410 977 2477 tempesta-

129 2483 204 2537 tibus
219 2483 294 2537 haud
310 2501 374 2538 sane
391 2485 536 2553 quisquam
553 2484 656 2538 Romae
667 2485 771 2538 virtute
787 2499 901 2551 magnus
915 2484 976 2537 fuit.

130 2559 186 2613 Sed
197 2560 326 2613 memoria
340 2577 401 2614 mea
414 2560 518 2628 ingenti
531 2561 641 2629 virtute,
653 2560 755 2614 divorsi
767 2559 889 2613 moribus
899 2559 977 2612 fuere

128 2635 179 2689 viri
192 2635 252 2699 duo,
264 2636 302 2689 M.
315 2636 383 2690 Cato
396 2639 425 2690 et
438 2637 466 2691 O.
481 2636 597 2703 Caesar3
614 2653 689 2704 quos,
702 2636 830 2705 quoniam
840 2651 885 2688 res
897 2633 976 2688 obtu-

128 2710 206 2779 lerat,
218 2710 325 2765 silentio
342 2711 492 2780 praeterire
508 2728 562 2765 non
576 2712 629 2766 fuit
644 2712 785 2765 consilium
798 2711 864 2779 quin
875 2711 976 2764 utrius-

128 2803 183 2856 que
193 2790 319 2841 naturam
331 2791 360 2842 et
372 2804 469 2856 mores,
482 2791 614 2857 quantum
629 2788 738 2856 ingenio
752 2804 869 2857 possem,
889 2786 977 2855 aperi-

128 2878 196 2917 rem.

180 2944 221 2993 54.
257 2939 348 3007 IgItur
359 2940 402 2994 his
413 2956 506 3008 genus,
518 2942 603 3007 aetas,
615 2938 771 3006 eloquentia
784 2955 870 3007 prope
878 2953 977 3006 aequa

127 3014 165 3068 lia
173 3016 265 3080 fuere;
276 3016 437 3084 magnitudo
449 3016 531 3069 animi
542 3031 599 3084 par,
609 3015 676 3069 item
687 3014 782 3081 gloria,
795 3015 845 3068 scd
857 3014 911 3066 alia
922 3013 975 3067 alii.

129 3089 229 3144 Caesar
240 3090 378 3145 beneficiis
393 3095 477 3160 atque
491 3089 680 3143 munificentia
691 3106 805 3157 magnus
816 3088 977 3156 habebatur,

128 3165 286 3234 integritate
306 3167 378 3221 vitae
403 3166 483 3240 Oato„
523 3164 577 3219 ille
594 3165 804 3219 mansuetudine
824 3168 854 3220 et
872 3165 977 3218 miseri-
