2275 3425
470 115 680 166 JUGURTHA.
971 119 1003 166 85

149 196 252 264 oppido
267 211 367 264 aquam
383 210 443 249 esse
459 211 542 263 supra
557 194 683 262 diximus,
695 193 823 263 jumenta
839 199 949 262 onerat;
966 213 999 250 eo

150 270 232 324 modo
250 271 399 325 instructus
418 270 585 324 ad·Thalam
605 270 792 339 proficiscitur.
829 268 935 325 Deinde
954 273 999 327 ubi

150 346 186 398 ad
203 346 233 399 id
251 345 303 399 loci
321 350 508 415 ventumque
526 346 653 399 Numidis
668 351 853 414 praeceperat,
865 351 894 400 et
911 352 1001 402 castra

150 422 241 490 posita
258 423 419 490 munitaque
440 426 521 489 sunt„
532 425 611 475 tanta
629 424 744 490 repente
765 423 839 476 coelo
858 423 940 476 missa
960 424 1000 479 vis

150 514 238 566 aquae
250 497 357 565 dicitur,
367 502 398 551 ut
411 514 443 551 ea
454 497 536 551 modo
547 499 680 552 exercitui
692 498 759 552 satis
771 515 908 568 superque
920 500 1000 555 foret.

152 573 299 627 Praeterea
311 577 479 629 commeatus
491 576 541 643 spe
551 574 673 644 amplior,
687 574 752 643 quia
764 575 907 642 Numidae,
921 576 1000 631 sicuti

150 649 274 718 plerique
285 650 314 703 in
325 667 395 705 nova
407 651 553 718 deditione,
566 651 653 705 officia
664 651 846 708 intenderant.
870 652 999 706 Ceterum

150 725 251 779 milites
269 727 402 795 religione
423 727 514 796 pluvia
534 727 621 792 magis
641 727 690 792 usi,
709 743 797 796 eaque
818 744 862 781 res
883 728 999 782 multum

150 802 246 854 animis
261 818 355 855 eorum
371 803 493 868 addidit;
515 820 578 856 narn
595 803 655 856 rati
665 819 725 857 seso
740 804 784 856 dis
801 804 1000 858 immortalibus

150 893 232 931 curae
250 895 317 932 esse.
352 879 459 949 Deinde
475 882 587 948 postero
605 879 765 933 diescon'tra
780 880 933 947 opinionem
949 882 1000 934 Ju-

149 953 266 1021 gurthae
283 956 319 1007 ad
331 955 442 1008 Thalam
454 956 625 1024 perveniunt.
663 954 806 1023 Oppidani,
819 957 867 1024 qui
883 973 913 1009 se
928 957 999 1010 loco-

150 1046 211 1082 rum
229 1031 378 1098 asperitate
398 1032 517 1085 munitos
537 1031 719 1095 crediderant,
738 1048 837 1099 magna
856 1037 940 1100 atque
960 1034 1000 1086 in-
1079 1080 1082 1085 ,

150 1105 230 1158 solita
248 1107 412 1175 reperculsi
433 1107 517 1160 nihilo
537 1107 647 1174 segnius
667 1106 768 1160 bellum
789 1123 901 1173 parare;
925 1107 999 1162 idem

150 1181 236 1234 nostri
249 1182 345 1235 facere.
492 1188 494 1193 '
522 1184 526 1232 ἱ

203 1261 243 1314 76.
278 1257 334 1312 aed
354 1274 403 1311 rex
424 1256 490 1309 nihil
508 1256 569 1324 jam
589 1256 721 1310 infectum
742 1256 855 1310 Metello
876 1258 998 1327 credens,

149 1332 252 1402 quippe
269 1334 316 1402 qui
334 1333 431 1399 omnia,
449 1348 532 1397 arma,
550 1331 614 1398 tela,
633 1331 712 1398 locos,
731 1334 862 1398 tempora,
881 1333 1000 1403 denique

149 1411 273 1463 naturam
291 1410 378 1478 ipsam
397 1407 496 1462 ceteris
514 1407 717 1475 imperitantem
737 1406 871 1461 industria
888 1409 999 1478 vicerat,

149 1501 211 1539 cum
228 1485 322 1538 liberis
339 1488 368 1539 et
385 1500 484 1551 magna
500 1486 581 1551 parte
597 1481 729 1551 pecuniae
747 1499 781 1536 ex
799 1483 900 1552 oppido
917 1488 1000 1540 noctu

149 1562 277 1630 profugit,
290 1577 380 1628 neque
395 1562 491 1629 postea
506 1559 535 1611 in
549 1557 605 1611 ullo
621 1558 680 1610 loco
696 1558 811 1628 amplius
826 1575 880 1613 uno
892 1559 937 1615 die
950 1565 1000 1617 aut

149 1652 204 1690 una
219 1640 299 1690 nocte
315 1640 438 1689 moratus
454 1633 599 1688 simulabat
614 1650 674 1688 sese
688 1634 782 1702 negoti
798 1636 888 1703 gratia
903 1654 999 1708 prope-

149 1730 226 1777 rare3
244 1718 366 1767 ceterum
382 1712 564 1781 proditionem
581 1709 705 1779 timebat,
719 1728 800 1781 quam
816 1714 904 1767 vitare
919 1731 999 1784 posse

150 1789 290 1844 celeritate
309 1789 439 1860 putabat;
456 1803 520 1841 nam
538 1788 605 1841 talia
620 1788 731 1841 consilia
748 1805 799 1858 per
816 1790 901 1844 otium
919 1795 948 1844 et
964 1808 999 1845 ex

150 1866 354 1933 opportunitate
366 1866 432 1933 capi.
470 1866 510 1918 At
522 1863 660 1930 Metellus,
672 1863 720 1917 ubi
732 1864 883 1933 oppidanos
896 1867 999 1934 proelio

149 1941 278 2007 intentos,
297 1942 378 1995 simul
396 1940 525 2009 oppidum
544 1942 574 1993 et
592 1939 721 2008 operibus
739 1943 769 1994 et
788 1941 847 1995 loeo
864 1943 998 1997 munitum

149 2015 234 2082 videt,
245 2017 316 2069 valio
329 2016 456 2084 fossaque
472 2015 579 2069 moenia
590 2016 773 2070 circumvenit
809 2017 917 2071 Deinde
932 2018 999 2073 locis

151 2107 186 2144 ex
200 2091 278 2159 eopia
294 2108 420 2144 maxume
435 2091 541 2145 idoneis
553 2091 645 2145 vineas
661 2107 751 2159 agere,
765 2108 893 2160 aggerem
905 2093 1000 2161 jacere

149 2170 179 2220 et
191 2183 274 2235 super
285 2183 412 2234 aggerem
426 2166 560 2235 impositis
572 2166 694 2222 turribus
705 2184 773 2237 opus
784 2171 814 2222 et
825 2169 999 2224 administros

149 2244 242 2297 tutari.
275 2242 378 2297 Contra
389 2242 456 2296 haec
468 2242 597 2312 oppidani
608 2243 745 2312 festinare,
757 2260 870 2312 parare3
887 2260 999 2313 prorsus

149 2319 183 2373 ab
192 2319 317 2388 utrisque
328 2318 395 2372 nihil
406 2319 541 2388 reliquum
550 2318 616 2373 lieri.
641 2319 767 2388 Denique
777 2319 900 2388 Romani,
912 2320 998 2374 multo

149 2400 213 2450 ante
231 2395 325 2449 labore
342 2395 506 2464 proeliisque
524 2395 640 2463 fatigati,
658 2398 722 2463 post
739 2395 798 2449 dies
816 2395 999 2464 quadraginta

149 2489 231 2542 quam
243 2476 399 2526 eo'sentum
414 2476 474 2526 erat
485 2471 588 2540 oppido
601 2471 683 2525 modo
696 2472 785 2540 potiti,
797 2472 901 2540 praeda
912 2470 999 2525 omnis

149 2548 184 2602 ab
203 2549 325 2618 perfugis
344 2551 480 2617 corrupta.
517 2547 556 2600 Hi
575 2551 721 2616 postquam
740 2563 848 2601 murum
866 2546 999 2601 arietibus

148 2624 224 2678 ieriri
242 2640 341 2693 resque
359 2641 421 2677 suas
437 2624 552 2677 afflictas
567 2623 670 2690 vident,
687 2637 783 2674 aurum
801 2626 885 2690 atque
902 2637 998 2688 argen-

148 2703 208 2754 tum
225 2704 256 2754 et
272 2700 332 2753 alia·
341 2716 411 2768 quae
426 2698 515 2767 prima
531 2698 667 2752 ducuntur
682 2697 793 2750 domum
809 2697 912 2764 regiam
929 2711 998 2749 com·

148 2780 275 2845 portant;
292 2775 332 2828 ihi
346 2775 408 2828 vino
422 2778 452 2828 et
466 2774 555 2844 epulis
567 2774 672 2826 onerati
688 2773 788 2840 illaque
803 2774 832 2824 et
846 2770 957 2823 domum
969 2774 998 2824 et

149 2856 238 2906 semet
248 2853 304 2921 igni
317 2856 502 2922 corrumpunt,
515 2854 544 2905 et
556 2867 624 2919 quas
635 2848 700 2902 vieti
715 2847 750 2900 ab
762 2845 885 2899 hostibus
896 2860 998 2913 poenas

140 2933 310 2997 metuerant,
323 2947 370 2984 eas
380 2931 433 2999 ipsi
444 2929 567 2983 volentes
579 2922 745 2995 pependere.

202 3008 241 3063 77.
277 3007 333 3061 Sed
349 3008 453 3074 pariter
468 3020 530 3058 cum
546 3004 628 3069 capta
645 2996 729 3050 Thala
745 2995 830 3061 legat-i
847 3011 881 3047 ex
897 2994 998 3061 oppido

140 3078 232 3151 Lepti
252 3082 289 3136 ad
309 3083 453 3137 Metellum
475 3080 613 3141 venerant,
633 3074 743 3127 orantes
767 3068 808 3120 uti
831 3068 997 3135 praesidium

148 3160 373 3227 praefectumque
404 3171 438 3210 eo
464 3152 608 3272 mittegem
642 3145 827 3199 Hamilcarem
852 3140 998 3209 quendam,
