2275 3425
473 125 681 175 JUGURTHA.
962 122 1001 174 '73

155 208 306 273 eveniebat,
325 207 401 277 quod
421 211 532 278 praeter
553 207 643 274 regios
660 207 768 276 equites
785 223 865 260 nemo
882 205 1001 259 omnium

155 284 339 337 Numidarum
365 300 400 337 ex
426 284 491 351 fuge
514 299 608 350 regem
633 283 773 351 sequitur;
798 299 852 350 quo
869 280 1003 349 mjusque

155 360 260 414 animus
276 360 340 427 fert,
357 376 390 413 eo
408 359 560 426 discedunt,
578 376 667 427 neque
684 359 714 412 id
738 359 871 425 flagitium
888 356 1002 410 militiae

155 435 279 500 ducitur;
294 435 334 489 ita
345 452 375 488 se
387 451 476 488 mores
488 435 596 488 habent.
626 435 716 503 Igitur
728 433 856 487 Metellus
867 431 914 485 ubi
926 432 1003 485 videt

51 542 59 557 0
155 512 299 565 etiamtum
317 511 391 578 regis
407 511 527 563 animum
543 510 661 564 ferocem
677 526 743 579 esse,
755 509 858 563 bellum
870 509 1002 575 renovari,

155 587 230 655 qued
241 588 293 640 nisi
311 603 346 640 ex
363 586 435 640 illius
453 586 576 639 lubidine
589 587 649 653 geri
665 602 720 639 non
736 589 837 655 posset,
856 589 1003 654 praeterea

154 662 277 731 iniquum
289 666 428 729 certamen
440 662 491 715 sibi
503 679 565 716 cum
577 662 708 730 hostibus,
721 663 826 715 minore
837 661 1003 715 detrimento

155 738 216 794 illos
225 741 393 808 vinci-quam
405 755 469 793 suos
479 740 597 806 vincere,
609 738 708 792 statuit
722 755 776 791 non
790 737 900 807 proeliis
913 753 1004 805 nequo

154 816 183 869 in
204 816 270 883 acie,
294 814 345 869 sed
364 815 417 868 alio
436 831 512 867 more
535 814 638 868 bellum
661 813 823 882 gerundum.
858 813 959 881 Itaque
975 814 1003 865 in

156 892 303 945 Numidiae
313 892 372 945 loca
384 892 597 959 opulentissuma
608 892 705 960 pergit,
717 906 798 959 agros
808 892 906 956 vastat,
916 889 1004 942 mults

156 967 269 1021 castella
289 971 318 1020 et
336 967 438 1036 oppida
455 970 561 1020 temere
585 966 692 1020 munita
714 970 763 1020 aut
786 967 844 1019 sine
867 964 1004 1033 praesidio

156 1044 229 1111 capit
251 1043 433 1113 incenditque,
453 1043 573 1111 puberes
594 1042 712 1096 interfici
730 1042 820 1110 jubet,
842 1041 895 1095 alia
915 1042 1005 1103 omnia

155 1119 273 1173 militum
296 1120 427 1188 praedam
451 1136 519 1173 esse.
554 1119 596 1171 Ea
612 1118 758 1172 formidine
774 1118 855 1171 multi
875 1118 1005 1171 mortales

157 1195 287 1249 Romanis
306 1195 394 1249 dediti
413 1194 539 1259 obsides;
556 1194 724 1247 frumentum
742 1197 772 1247 et
789 1193 842 1246 alia
859 1210 929 1262 quae
943 1194 1006 1263 usui
1015 1204 1017 1206 ’

155 1270 247 1324 forent
259 1271 360 1324 affatim
370 1269 508 1339 praebita3
520 1270 685 1337 ubicumque
697 1286 742 1322 res
753 1269 918 1338 postulabat,
929 1285 1006 1338 prae

157 1346 257 1400 sidium
279 1346 444 1415 impositum.
485 1345 561 1409 Quae
582 1345 692 1413 negotia
709 1345 796 1398 multo
814 1345 901 1413 magis
923 1361 1005 1413 quam

157 1422 290 1489 proelium
314 1421 385 1474 male
410 1424 562 1493 pugnatum
589 1420 626 1474 ab
649 1421 705 1473 suis
725 1437 820 1489 regem
846 1421 1005 1486 terrebant;

157 1498 259 1565 quippe
271 1498 315 1549 cui
328 1513 391 1564 spes
402 1496 491 1549 omnis
501 1495 530 1548 in
541 1496 607 1564 fuge
619 1496 672 1550 sita
689 1501 751 1551 erat
762 1498 839 1567 sequi
850 1497 1005 1565 cogebatur,

158 1572 247 1640 etqui
264 1588 313 1625 sua
331 1572 390 1626 loce
408 1571 556 1625 defendere
574 1572 740 1641 nequiverat,
751 1573 779 1626 in
792 1574 886 1627 alionis
903 1573 1004 1627 bellum

157 1663 262 1716 gerere.
299 1647 400 1702 Tamen
413 1665 448 1701 ex
460 1648 538 1718 copia
548 1648 622 1718 quod
634 1655 775 1717 optumum
787 1650 933 1703 videbatur
945 1667 1006 1703 con-

159 1725 248 1778 silium
261 1728 341 1795 capit,
355 1726 505 1779 exercitum
523 1724 685 1794 plerumque
695 1726 722 1779 in
734 1726 831 1781 iisdem
843 1728 909 1781 locis
921 1743 1005 1797 oppe-

158 1801 207 1853 riri
215 1800 305 1868 jubet,
315 1801 443 1869 ipsecum
452 1801 567 1854 delectis
575 1801 714 1868 equitibus
722 1802 864 1856 Metellum
874 1804 1006 1871 sequitur,

158 1877 298 1930 nocturnis
309 1880 338 1930 et
350 1877 417 1929 aviis
432 1876 575 1929 itineribus
586 1876 728 1945 ignoratus
741 1878 877 1932 Romanos
887 1880 1006 1948 palantis

159 1957 274 2022 repente
292 1953 458 2020 aggreditur.
499 1952 601 2005 Eorum
618 1953 743 2021 plerique
760 1954 879 2016 inermes
895 1955 1004 2023 cadunt,

159 2028 238 2081 multi
251 2029 401 2098 capiuntur,
413 2045 494 2082 nemo
505 2029 625 2082 omnium
637 2029 757 2083 intactus
769 2032 896 2100 profugit,
908 2034 939 2084 et
951 2031 1007 2083 Nu-

159 2105 258 2172 midae,
274 2105 433 2174 priusquam
451 2120 491 2175 ex,
503 2105 602 2158 castris
619 2106 817 2176 subveniretur,
835 2107 915 2161 sicuti
934 2106 1006 2174 jussi

159 2183 240 2234 erant
250 2181 278 2233 in
289 2197 436 2248 proxumos
447 2180 522 2234 collis
534 2179 685 2235 discedunt.

211 2265 251 2312 55.
283 2257 400 2310 Interim
418 2257 520 2310 Romam
533 2257 664 2325 gaudium
678 2259 876 2327 ingensortnm
892 2261 1008 2328 cognitis
1098 2283 1104 2293 ·

160 2333 268 2387 Metelli
288 2331 377 2400 rebus,
398 2336 430 2386 ut
451 2350 535 2401 seque
555 2336 584 2386 et
603 2334 754 2388 exercitum
776 2352 852 2389 more
873 2336 1007 2404 majorum

159 2412 277 2478 gereret,
296 2425 325 2461 ιιι
345 2409 461 2462 advorso
482 2409 541 2472 loco
560 2409 647 2463 victor
666 2414 757 2464 tamen
776 2411 880 2465 virtute
903 2412 1006 2470 fuisset

160 2486 279 2539 hostium
291 2502 357 2553 agro
368 2486 512 2554 potiretur,
528 2485 546 2538 J
548 2485 696 2552 ugurtham
708 2488 880 2555 magnificum
894 2504 928 2541 ex
941 2488 1007 2541 Auli

160 2561 284 2614 secordia
302 2577 379 2630 spem
398 2561 493 2614 salutis
511 2560 540 2612 in
558 2560 703 2615 solitudine
724 2565 772 2615 aut
789 2563 855 2630 fuga
875 2564 1008 2630 coegisset

161 2637 268 2691 habere.
305 2637 404 2705 Itaque
418 2640 528 2690 senatus
545 2636 581 2690 ob
598 2653 630 2690 ea
645 2637 762 2691 feliciter
774 2641 836 2692 aeta
847 2637 890 2691 dis
901 2638 1009 2691 immor-

161 2712 263 2768 talibus
279 2713 413 2783 supplicia
427 2713 583 2779 decernere,
595 2713 690 2768 civitas
702 2713 812 2783 trepida
824 2717 905 2766 antee
916 2717 946 2768 et
959 2713 1009 2767 sol-

162 2789 236 2843 licita
259 2790 295 2843 de
318 2789 383 2843 belli
408 2792 508 2843 eventu
531 2789 605 2843 laeta
628 2806 717 2858 egere,
741 2789 813 2842 fama
836 2788 871 2842 de
895 2788 1009 2843 Metello

162 2865 302 2935 praeclara
319 2882 387 2919 esse.
424 2865 516 2933 Igitur
535 2882 567 2919 eo
586 2865 718 2919 intentior
738 2863 775 2917 ad
791 2864 932 2917 victoriam
951 2864 1009 2931 niti,

162 2941 288 2994 omnibus
299 2942 387 2995 modis
398 2942 536 3007 festinare,
549 2956 646 2994 cavere
662 2943 754 2993 tamen
766 2938 864 2992 necubi
878 2940 950 2993 hosti
963 2957 1010 3008 op

162 3021 297 3087 portunus
308 3018 394 3082 fieret,
406 3018 561 3070 meminisse
578 3020 641 3085 post
654 3016 767 3083 gloriam
778 3014 910 3067 invidiam
922 3016 1008 3081 sequi.

164 3094 211 3148 Ita
222 3111 276 3165 quo
287 3094 392 3157 clarior,
402 3111 434 3148 eo
443 3094 529 3160 magis
540 3094 635 3145 anxius
647 3093 812 3156 eretusque
823 3091 886 3156 post
897 3088 1009 3141 insidias

163 3171 320 3241 iugurthae
339 3172 424 3241 effuso
442 3169 564 3223 exercitu
584 3165 725 3234 praedari;
741 3163 788 3215 ubi
804 3163 942 3216 frumento
961 3168 1010 3215 eut
