2275 3425
123 119 166 168 :re
377 117 404 162 o.
423 98 598 163 sauuu'sm
615 114 733 163 earam

133 193 361 250 commendationi
373 210 451 247 meae
461 193 566 248 tribuit.
602 194 783 258 Quamobrem
797 195 981 250 defensionem

132 273 160 325 iu
180 287 249 324 novo
268 269 377 323 consilio
398 286 450 339 non
471 269 556 323 statui
577 286 690 338 parare3
715 270 928 324 satisfactionem
946 287 981 324 ex

132 347 206 401 nulla
220 346 383 400 conscientia
395 346 431 399 de
442 346 523 416 culpa
536 363 688 415 proponere
700 346 816 413 decrevi,
829 364 911 415 quam
927 363 982 400 me-

132 424 278 477 diusfidius
293 439 385 476 veram
401 423 466 476 licet
482 439 634 490 cognoscas.
672 422 784 491 Injuriis
800 423 982 477 contumeliis·

132 516 185 568 que
201 500 361 567 concitatus,
374 498 450 568 quod
465 500 556 552 fructu
572 498 672 552 laberis
688 498 894 568 industriaeque
905 516 982 553 meae

131 577 255 644 privatus
281 575 384 629 'statum
409 575 552 643 dignitatis
578 592 633 628 uon
656 575 821 642 obtinebam,
846 576 982 645 publicam

132 652 293 706 miserorum
309 668 435 705 caussam
446 668 496 720 pro
508 668 568 705 mea
580 651 778 706 cousuetudine
790 654 896 721 suscepi
906 674 912 717 ;
928 670 982 705 non

132 729 197 797 quin
213 744 260 782 aes
276 728 394 780 alienum
408 728 477 781 meis
488 728 643 782 nominibus
655 745 689 782 ex
703 729 917 797 possessionibus
931 729 983 782 sol-

132 822 197 859 vere
208 821 323 873 possem,
333 821 418 872 quum
430 807 460 858 et
472 804 565 857 alienis
578 804 733 858 nominibus
744 805 893 858 liberalitas
902 804 983 857 Ores·

134 881 209 934 tillae
232 880 288 934 suia
309 880 436 948 filiaeque
457 880 541 949 copiis
564 881 741 949 persolveret,
764 881 813 934 sed
835 880 908 949 quod
929 898 982 933 non

134 956 230 1024 dignos
242 956 365 1009 homines
377 956 478 1009 honore
490 957 648 1009 honestatos
660 956 786 1009 videbam
788 973 903 1040 ,meque
915 957 983 1009 falsa

49 1051 59 1065 ⁴
133 1048 286 1101 suspicione
297 1032 452 1086 ahenaturn
456 1048 517 1085 csse
529 1036 591 1085 sen
579 1032 644 1085 leb
637 1050 688 1085 un
723 1033 784 1085 Hoc
796 1023 982 1095 nbininesatis

133 1109 261 1163 honestas
279 1125 329 1176 pro
346 1125 407 1161 meo
423 1124 487 1161 casu
504 1124 566 1176 spes
582 1108 703 1176 reliquae
720 1097 860 1176 dignitatis
875 1124 983 1161 conser-

134 1185 238 1239 vandae
259 1202 319 1239 sum
340 1187 478 1272 sequutus
524 1183 607 1237 Plura
628 1189 712 1252 quum
736 1184 855 1237 scribere
875 1183 980 1251 vellem,

134 1261 288 1315 nuntiatum
303 1265 346 1315 est
362 1261 417 1314 vim
432 1260 498 1313 mihi
514 1259 612 1327 parari.
649 1260 730 1313 Nunc
743 1259 898 1313 Orestillam
911 1276 982 1312 com-

134 1337 232 1390 mendo
250 1341 368 1405 tuaeque
389 1336 455 1389 fidei
475 1335 570 1400 trad03
596 1352 656 1388 eam
677 1336 713 1389 ab
733 1335 833 1404 injuria
851 1334 983 1387 defendas

133 1431 184 1483 per
195 1414 295 1467 liberos
306 1419 369 1466 tuos
380 1416 499 1481 rogatus.
536 1412 668 1465 Haveto.'’

187 1495 228 1544 36.
263 1489 318 1543 Sed
333 1490 391 1557 ipse
405 1504 505 1556 paucos
519 1488 579 1540 dies
593 1492 775 1543 commoratus
789 1487 863 1557 apud
878 1488 907 1542 C.
921 1487 983 1541 Fla-

57 1594 61 1606 ·
134 1566 247 1619 minium
261 1566 289 1618 in
302 1581 368 1632 agro
381 1564 519 1630 Arretino,
532 1564 598 1616 dum
610 1564 780 1618 vicinitatem
791 1568 873 1618 autea
888 1563 983 1617 sollici-

135 1644 220 1695 tatam
241 1642 324 1693 armis
345 1643 467 1706 exornat,
487 1656 547 1693 cum
569 1639 689 1693 faecibus
707 1644 791 1708 atque
810 1640 869 1693 aliis
885 1640 983 1708 imperi

135 1717 284 1786 insignibus
300 1718 329 1770 in
345 1721 434 1770 castra
450 1715 486 1769 ad
503 1716 635 1769 Manlium
653 1717 803 1771 contendit.
841 1717 919 1770 Haec
936 1716 982 1769 ubi

136 1793 239 1847 Romae
258 1797 396 1861 comperta
416 1795 487 1860 sunt,
509 1796 620 1845 senatus
640 1791 833 1846 Catilinamret
851 1793 983 1845 Manlium

134 1869 221 1923 hostis
237 1869 353 1936 judicat,
375 1871 484 1921 ceterae
505 1867 676 1920 multitudini
697 1867 770 1919 diem
792 1868 898 1934 statuit,
919 1872 983 1922 ante

134 1962 217 2014 quam
238 1945 295 1998 sine
315 1943 411 1996 fraude
432 1943 528 1996 liceret
550 1942 586 1996 ab
606 1944 689 1995 armis
709 1943 851 1997 discedere
874 1948 984 2012 praeter

134 2038 226 2074 rerum
238 2018 394 2088 capitalium
407 2018 602 2072 condemnatis.
633 2019 781 2072 Praeterea
799 2019 929 2084 deceruit,
941 2019 983 2071 uti

134 2096 258 2150 consules
271 2095 408 2147 delectum
420 2094 546 2158 habeant,
558 2094 695 2147 Antonius
707 2111 768 2147 cum
781 2094 904 2147 exercitu
912 2094 984 2147 Gati-

134 2173 216 2226 linam
227 2170 355 2239 persequi
367 2174 495 2237 maturet,
508 2168 603 2223 Cicero
615 2170 677 2222 urbi
689 2170 826 2238 praesidio
838 2171 881 2224 sit.

187 2249 228 2302 Ea
241 2249 407 2315 tempestate
422 2245 489 2299 mihi
503 2246 648 2313 imperium
660 2242 758 2313 populi
767 2246 882 2299 Romani
897 2246 984 2300 multo

134 2341 262 2378 maxume
273 2322 427 2377 miserabile
438 2322 526 2374 visum
539 2325 597 2386 est;
614 2322 657 2375 cui
669 2339 751 2390 quum
764 2322 800 2374 ad
812 2338 936 2375 occasum
949 2322 984 2375 ab

134 2404 199 2454 ortu
208 2400 271 2453 solis
278 2398 367 2451 omnia
375 2398 479 2451 domita
488 2397 572 2450 armis
580 2402 717 2466 parerent,
726 2397 799 2450 domi
808 2398 893 2451 otium
902 2401 985 2465 atque

135 2476 255 2542 diuitiae,
273 2491 343 2542 quae
362 2474 450 2542 prima
467 2473 598 2527 mortales
615 2470 721 2542 putant,
741 2473 891 2540 affluerent,
908 2474 985 2527 fuere

135 2557 228 2606 tamen
245 2552 318 2604 cives
332 2550 381 2618 qui
395 2566 479 2618 seque
494 2566 608 2617 remque
621 2549 758 2618 publicam
772 2549 917 2603 obstinatis
932 2550 987 2602 ani·

135 2628 187 2680 mis
207 2626 347 2695 perditum
365 2627 445 2699 irent.
486 2626 613 2694 Namque
634 2626 740 2679 duobus
760 2626 847 2679 senati
868 2626 987 2679 decretis

136 2721 170 2758 ex
186 2705 266 2757 tanta
282 2702 458 2756 multitudine
475 2718 565 2770 neque
581 2703 704 2771 praemio
720 2703 848 2775 inductus
867 2702 987 2770 conjura·

68 2770 73 2782 '
135 2782 238 2834 tionem
252 2779 422 2847 patefecerat
437 2795 525 2845 neque
538 2796 572 2831 ex
586 2779 684 2831 eastris
697 2778 830 2832 Catilinae
843 2778 1003 2846 quisquam⁴

136 2858 256 2910 omnium
276 2855 456 2919 discesserat3
482 2858 560 2907 tanta
582 2855 622 2907 vis
643 2854 738 2924 morbi,
758 2854 799 2907 uti
820 2854 907 2920 tabes,
931 2853 986 2921 ple

137 2949 237 3000 rosque
248 2931 347 2986 civium
359 2928 461 2985 animos
472 2930 618 2984 invaserat.

188 3013 230 3066 37.
265 3009 363 3077 Neque
379 3008 465 3062 solum
482 3007 535 3061 illis
551 3008 640 3061 aliena
655 3024 732 3060 mens
748 3009 810 3079 erat
826 3007 873 3075 qui
889 3006 989 3060 conscii

136 3085 331 3152 conjurationis
349 3086 464 3150 fueraut,
484 3084 533 3138 sed
552 3084 660 3137 omniuo
679 3093 777 3137 cuncta
794 3083 889 3151 plebes
908 3099 989 3136 nova-

137 3176 198 3213 rum
212 3174 304 3214 rerum
320 3162 411 3216 studio
425 3160 559 3215 Catilinae
571 3161 680 3226 incepta
693 3159 836 3229 probabat.
873 3159 908 3212 ld
920 3158 990 3212 adeo
