2275 3425
495 88 678 138 CATILINA.
978 90 1008 138 37

160 168 253 239 paucis
263 168 340 223 relict
328 173 386 223 tum
394 169 469 223 videt
477 169 601 233 Catilina,
609 184 713 221 memor
724 168 833 236 generis
846 171 930 238 atque
941 170 1009 237 pris-

160 245 235 297 tinae
254 261 318 298 suae
339 245 456 312 dignitat
428 245 480 298 uis
494 245 522 296 in
542 245 762 298 confertissumos
781 244 868 298 hostis
832 244 1010 310 tinemut,

159 320 253 390 ibique
265 337 388 390 pugnans
400 321 561 374 confoditur.

213 403 273 451 61
286 397 342 451 Sed
354 397 476 452 confecto
491 396 604 485 proelio,
616 399 751 454 tumvero
768 412 894 462 cerneres
908 400 1010 465 qimnta

160 471 474 541 audaciaquantaque
450 489 490 525 ius
500 473 582 525 animr
574 472 706 525 finisset
698 489 726 525 ιιι
736 472 841 525 exercit
840 489 860 525 u
829 471 1008 526 thtilinae

160 548 310 618 Narniam,
322 565 404 618 quem
417 548 530 616 quisque
544 548 621 601 vivus
633 548 778 616 pugnando
789 548 877 601 locum
888 551 1008 618 ceperat,

160 639 223 692 eun]
237 624 336 677 amissa
348 624 437 677 anima
449 641 561 692 corpere
578 624 698 691 tegebat.
735 624 818 677 Pauci
830 628 930 693 autem,
942 642 1009 694 quos

159 699 265 752 medios
281 699 378 754 cohors
393 701 528 768 praetoris¹
546 698 702 767 disjecerat,
714 699 794 768 paulo
807 700 948 769 diversius,
960 700 1008 755 sed
1029 695 1037 717 “

160 791 254 829 omnes
265 779 357 830 tumen
369 777 492 830 advorsis
505 775 660 829 volneribus
674 774 854 830 conciderant.
892 776 1009 831 Catilina

160 866 226 904 vero
242 851 323 920 longe
340 869 357 905 a
372 853 428 905 suis
445 852 519 905 inter
536 852 654 905 hostium
672 851 806 905 cadavera
822 856 947 920 repertus
965 858 1009 907 est

154 927 299 996 paululmn
311 928 395 981 etiam
412 928 518 996 spirans
533 927 718 995 ferociamque
733 927 817 980 animi
833 944 914 996 quam
925 929 1010 982 habu-

160 1004 307 1056 eratvivus
325 1003 353 1056 in
369 1003 445 1057 voltu
461 1003 589 1057 retinens.
626 1002 769 1056 Postremo
788 1020 822 1056 ex
841 1004 915 1056 onrni
931 1006 1008 1073 copia

159 1095 249 1147 neque
257 1080 285 1132 in
296 1079 400 1146 proelio
415 1096 504 1148 neque
519 1079 547 1132 in
559 1080 626 1145 fuga
637 1079 780 1147 quisquam
792 1079 859 1133 civis
874 1081 1008 1148 ingenuus

159 1158 256 1225 captus
274 1158 324 1224 este
367 1155 414 1208 Ita
436 1156 526 1213 cuncti
551 1171 617 1207 suae
640 1154 814 1223 hostiumque
834 1156 907 1210 vitae
925 1156 1008 1225 juxta

159 1234 347 1300 pepercerant.
383 1230 592 1299 Neque-tamen
616 1231 752 1283 exercitus
774 1231 867 1300 populi
892 1233 1007 1285 Romani

159 1307 260 1361 laetam
284 1310 332 1361 aut
356 1306 526 1360 incruentam
547 1306 688 1359 victoriam
706 1306 823 1374 adeptus
843 1311 920 1372 erat;
944 1325 1007 1362 nam

162 1383 374 1437 strenuissumus
386 1382 502 1449 quisque
518 1383 567 1434 aut
581 1381 719 1435 occiderat
729 1380 758 1433 in
770 1382 878 1449 proelio,
890 1386 938 1437 aut
948 1400 1008 1452 gra-

160 1459 233 1512 viter
244 1457 399 1511 volneratus
417 1455 586 1511 discesserat.
621 1456 704 1510 Multi
720 1460 819 1525 autem,
836 1460 882 1527 qui
899 1458 935 1512 de
950 1477 1008 1514 cas

161 1534 213 1587 tris
224 1532 331 1585 visundi
347 1535 396 1586 aut
411 1532 543 1600 spoliandi
559 1532 649 1601 gratia
662 1538 857 1601 processerant,
868 1535 1012 1589 volventes

161 1608 272 1662 hostilia
291 1609 428 1672 cadavera
444 1608 562 1661 amicum
580 1608 632 1672 alii,
650 1625 715 1677 pars
728 1608 868 1697 hospitem
884 1614 932 1664 aut
948 1627 1008 1679 cog-

161 1687 256 1739 natum
273 1682 461 1754 reperiebant;
478 1684 555 1738 fuere
575 1673 641 1738 item
660 1684 707 1753 qui
726 1685 848 1741 inimicos
867 1703 930 1741 suos
948 1703 1007 1757 cog-

108 1763 313 1819 noscerent
349 1760 395 1813 Ita
417 1759 491 1815 varie
515 1776 565 1829 per
588 1777 695 1814 omnem
718 1762 870 1818 exercitum
893 1762 1007 1829 laetitia,

146 1847 277 1929 ¹moeror,
270 1836 378 1904 ,luctus
389 1839 475 1906 atque
484 1836 585 1964 ειιιᾱιὲ
595 1836 778 1905 agitabantur.
