2275 3425
412 125 416 130 ’
497 118 682 168 CATILINA.
984 118 1018 167 19

165 206 242 254 moro
262 214 311 254 suo
330 197 441 253 videbat
429 201 475 253 tur
496 199 592 253 lacere.
628 198 699 251 Nam
721 214 830 269 semper
849 197 1016 278 incivitate

166 274 265 343 quibus
277 291 343 343 opes
354 265 445 329 nullae
457 278 528 340 sunt,
540 274 620 328 bonis
631 274 763 351 invident,
744 274 861 327 tmalos
873 239 1016 332 extollunt}

165 354 261 404 vetera
271 350 363 418 odere,
376 367 447 403 nova
459 354 599 419 exoptant,
612 350 676 419 odiq
689 343 798 403 suarum
810 367 903 403 rorum
915 348 1016 402 mutari

165 442 255 480 omma
267 430 293 479 s
281 427 395 480 tudcnt·
369 427 499 492 turba
505 430 590 495 atque
602 427 675 480 sedit
675 426 816 479 ionibus
795 442 853 479 sme
864 443 929 479 cura
941 425 1016 478 alun-

164 504 219 569 tur,
237 503 364 571 quoniam
382 520 416 570 eg
417 506 459 556 est
460 519 490 555 as
447 503 587 556 tfacile
605 502 761 566 liabetur
734 519 812 576 m
815 502 926 564 damno.
945 500 1017 554 Scd

164 544 269 632 urbana
285 578 387 647 plebes,
401 595 434 632 ea
448 595 512 633 ιιιο
527 596 659 647 praeceps
673 582 734 632 crat
749 578 844 633 multis
858 576 894 630 de
908 578 1016 630 caussis.

166 653 288 708 Primum
309 656 440 736 omnian
449 655 505 727 qui
522 655 624 723 ubique
642 641 847 723 probrb’a'ique
865 636 1114 724 nimandin,

165 746 292 785 maxume
303 736 396 800 praest
384 697 489 799 tabant,
501 731 575 785 item
580 730 627 784 alii
638 748 689 799 per
698 731 833 797 dedecora
844 728 1017 799 patrimoniis

164 808 277 874 anissis,
292 811 430 896 postremo
443 823 544 876 omnes,
557 824 626 875 quos
634 808 774 895 'flagitium
790 811 838 860 aut
826 807 955 860 tfacinus
970 805 1017 858 do

181 900 209 936 ιι
221 880 403 952 expulerat,“
385 901 405 936 ιι
419 885 533 937 Romam
547 883 640 935 sicut'
631 900 660 935 ιιι
673 881 807 937 sentinam
822 882 1015 936 confluxerant

131 959 138 970 “
163 958 271 1013 Deinde
286 960 366 1014 multi
380 977 515 1014 memores
527 960 654 1014 Sullanae
666 960 804 1027 victoriae,
817 958 892 1029 quod
906 975 940 1012 ex
954 974 1016 1025 gre·

162 1036 245 1103 gariis
257 1036 391 1090 militibus
403 1037 469 1090 alios
481 1039 623 1090 senatores
635 1036 775 1104 videbant,
786 1037 854 1089 alios
865 1036 905 1088 ita
916 1034 1016 1086 divites
1087 1065 1092 1072 x

163 1115 195 1165 ut
207 1113 282 1180 regio
293 1114 368 1167 rictu
384 1116 468 1181 atque
480 1112 556 1165 cultu
570 1115 691 1165 aetatem
702 1115 823 1179 agerent,
835 1110 887 1164 sibi
900 1110 1015 1178 quisque

162 1187 186 1241 si
202 1187 231 1240 in
245 1189 328 1242 armis
344 1190 417 1242 foret
433 1205 467 1242 ex
482 1189 596 1242 victoria
611 1187 679 1241 talia
695 1187 833 1255 sperabat.
869 1186 1017 1242 Praeterea

158 1265 299 1333 juventus,
312 1282 382 1334 quae
397 1265 425 1317 in
439 1265 511 1332 agris
527 1279 658 1316 manuum
672 1262 799 1315 mercede
814 1262 932 1330 inopiam
948 1261 1016 1313 tole-

162 1343 279 1408 raverat,
295 1341 410 1409 privatis
424 1342 509 1407 atque
528 1338 644 1406 publicis
660 1336 850 1405 largitionibus
868 1337 956 1389 excita
973 1352 1016 1388 ur-

161 1415 263 1468 banum
275 1415 361 1469 otium
374 1416 482 1487 ingrato
495 1413 581 1467 labori
593 1413 779 1482 praetulerat}
796 1428 842 1465 eos
854 1414 938 1479 atquo
950 1410 1016 1465 alios

161 1491 250 1543 omnis
268 1491 371 1543 malum
386 1490 526 1559 publicum
543 1489 642 1543 alebat.
679 1489 739 1553 Quo
755 1488 845 1542 minus
861 1487 1016 1540 mirandum

162 1570 206 1619 est
225 1565 347 1619 homines
368 1566 483 1633 egentis,
503 1566 583 1619 malis
603 1565 731 1632 moribus,
751 1580 879 1617 maxuma
899 1574 962 1632 ιρι·
975 1564 1016 1618 ιιι

161 1640 384 1709 publicaejmta
402 1658 434 1696 ao
453 1642 503 1695 sibi
521 1641 695 1695 consuluisse.
732 1640 881 1694 Praeterea
900 1656 1015 1708 quorum

162 1717 276 1770 victoria
302 1718 392 1772 Sullae
418 1721 546 1786 parentes
570 1719 724 1787 proscripti,
749 1717 821 1771 bona
844 1723 947 1786 erepta,
967 1716 1015 1785 jus

161 1790 300 1847 libertatis
319 1793 491 1847 imminutum
511 1797 580 1860 crat,
596 1793 671 1847 haud
690 1811 755 1848 sano
774 1792 827 1847 alio
845 1795 934 1847 animo
949 1792 1014 1847 belli

161 1878 291 1922 eventum
302 1870 505 1938 exspectabant.
533 1869 593 1933 ,Ad
606 1869 657 1923 hoc
670 1872 834 1941 quicumque
847 1871 959 1924 aliarum
972 1874 1014 1924 at·

162 1960 217 2013 que
238 1949 349 1999 senatus
370 1947 489 2015 partium
511 1952 599 2013 erant,
621 1946 778 2000 conturbari
799 1963 857 1999 rem
878 1942 1013 2015 publicam

161 2036 243 2088 qrmm
267 2021 356 2075 minus
377 2022 468 2079 valere
492 2022 544 2091 ipsi
568 2022 713 2076 malebant.
760 2023 796 2076 ld
819 2023 889 2076 adeo
911 2021 1013 2076 malum

160 2096 262 2150 multos
274 2101 337 2166 post
349 2114 434 2151 annos
445 2098 475 2151 in
488 2099 629 2153 civitatem
641 2103 801 2153 revorterat.

213 2178 254 2227 38.
291 2174 362 2227 Nam
377 2177 523 2243 postquam
537 2173 587 2228 (ln.
602 2175 731 2242 Pompeio
747 2179 775 2229 ιι
790 2175 828 2228 M.
842 2176 939 2230 Crasso
951 2193 1014 2230 con-

160 2249 264 2303 sulibus
283 2249 429 2304 tribunicia
448 2254 572 2319 potestas
591 2251 723 2304 restituta
741 2254 791 2318 est,
808 2252 931 2305 homines
948 2252 1014 2306 adu·

160 2325 294 2380 lcsoentes
313 2343 446 2389 summam
463 2331 632 2397 potestatem
649 2329 730 2393 nacti,
750 2327 848 2396 quibus
866 2334 942 2382 aetas
958 2328 1013 2380 ani-

159 2416 275 2470 musque
287 2403 364 2456 ferox
377 2407 445 2470 crat,
458 2420 574 2472 coepere
586 2406 711 2457 sonatum
723 2404 893 2458 criminando
904 2404 1013 2471 plebem

159 2478 308 2546 exagitare,
326 2478 389 2531 dein
407 2479 550 2545 largiundo
569 2483 654 2547 atquo
672 2480 849 2547 pollicitando
868 2481 954 2547 magis
973 2481 1013 2548 in-

159 2553 292 2619 condere3
317 2554 357 2607 ita
376 2555 428 2620 ipsi
449 2555 514 2608 olari
536 2558 719 2624 potentesque
740 2555 806 2609 fieri.
843 2555 945 2610 Contra
966 2571 1012 2609 eos

159 2646 266 2683 summa
281 2645 333 2697 opc
347 2629 488 2684 nitebatur
501 2629 634 2698 pleraque
648 2631 776 2684 nobilitas
794 2635 905 2686 senatus
923 2632 1012 2699 specie

158 2720 209 2773 pro
235 2722 284 2759 sua
307 2705 505 2774 magnitudine.
548 2707 683 2775 Namque,
710 2709 751 2761 uti
777 2709 869 2775 paucis
894 2705 1011 2775 [verum]

159 2781 306 2849 absolvam,
327 2798 377 2851 per
397 2782 444 2835 illa
464 2785 590 2852 tempora
610 2784 774 2851 quicumque
795 2799 853 2835 rem
874 2782 1011 2849 publicam

158 2857 306 2925 agitavere,
328 2858 449 2913 honestis
470 2859 625 2912 nominibus
651 2858 705 2925 alii,
730 2859 812 2911 sicuti
834 2857 926 2924 populi
945 2856 1011 2923 jura

159 2932 346 2997 detenderent
364 2951 434 3002 pars,
450 2951 504 3002 quo
520 2936 609 2988 senati
626 2932 776 2988 auctoritas
790 2949 917 2985 maxuma
929 2932 1009 2998 soret,

158 3007 259 3061 bonum
277 3008 415 3077 publicum
435 3008 602 3076 simrdantes,
621 3026 671 3077 pro
690 3026 738 3062 sua
756 3010 870 3077 quisque
888 3007 1011 3073 potentia

159 3084 317 3150 certabant;
342 3102 432 3154 neque
450 3086 504 3139 illis
523 3086 658 3139 modestia
678 3098 767 3149 neque
786 3082 882 3133 modus
901 3084 1010 3133 conten·

158 3158 240 3213 tionis
252 3164 328 3227 erat3
345 3162 457 3231 utrique
469 3161 611 3215 victoriam
624 3157 774 3212 crudeliter
785 3155 957 3209 exercebant

1030 3300 1136 3378 A
