2275 3425
143 110 190 159 110
276 108 304 155 Ο.
323 106 496 156 SALLUSTI
512 106 632 155 CRISPI
648 106 667 156 J
670 107 858 157 UGURTHA.

140 190 209 254 erat,
229 186 342 253 aecedit
361 202 393 240 ae
412 185 507 240 statim
527 184 604 253 signo
625 185 691 239 date
712 186 835 255 undique
853 188 933 241 simnl
953 204 989 243 ex

140 263 247 318 insidiis
262 262 408 316 invaditur.
445 260 538 315 Ceteri
554 261 726 327 obtruncat13
743 262 884 330 Jugurtha
897 264 989 319 Sullae

140 339 247 393 vinctus
259 338 386 403 traditur,
399 341 428 391 et
439 337 475 390 ab
486 353 519 391 eo
531 337 568 391 ad
580 337 698 391 Marium
710 338 847 393 deductus
859 343 908 394 est.

178 406 182 415 ’
194 420 251 468 114.
286 414 341 467 Per
355 413 429 466 idem
440 417 549 482 tempus
561 413 707 467 advorsum
724 414 816 469 Gallos
827 414 863 468 ab
874 411 989 469 ducibus

140 491 241 544 nostris
253 491 285 555 Q.
297 490 432 558 Caepione
444 492 474 543 et
486 489 536 544 On.
549 489 652 543 Manlio
664 489 735 543 male
750 494 917 558 pugnatum
934 508 988 559 quo

139 570 217 621 metn
233 565 316 619 Italia
328 565 415 618 omnis
429 569 638 620 eentremuerat
674 565 774 634 Illique
785 569 815 620 et
826 566 890 623 inde
901 584 989 635 nsque

138 642 177 697 ad
187 645 308 696 nestram
323 641 482 695 memoriam
498 641 616 694 Romani
631 641 670 695 sie
686 640 814 709 habuere,
830 642 883 696 alia
898 643 989 696 emnia

140 717 237 772 virtuti
252 733 318 771 snae
332 733 419 786 prena
434 732 501 785 esse,
517 733 581 771 eum
596 716 681 771 Gallis
696 733 747 785 pro
761 717 857 786 salute,
871 735 926 772 nen
937 735 988 788 pro

139 793 227 862 gloria
238 797 351 848 eertare.
386 792 442 847 Sed
456 794 602 861 postquam
618 792 721 847 bellam
736 793 765 846 in
781 793 912 847 Numidia
927 811 988 848 cen-

139 871 242 929 feetnm
251 872 281 924 et
287 869 306 922 J
307 869 454 938 ugurtham
466 868 582 922 Romam
589 868 710 922 vinctum
721 867 821 922 adduci
832 869 986 924 nuntiatum

140 950 190 1013 est,
203 946 308 1000 Marius
319 946 411 1000 consul
428 944 526 999 absens
537 944 634 1011 faetus,
647 947 677 998 et
688 944 714 998 ei
726 944 838 998 decreta
849 945 987 1014 provincia

141 1021 243 1086 Gallia3
266 1022 345 1089 isque
363 1019 496 1074 Kalendis
514 1020 655 1074 dandamis
673 1036 773 1088 magna
789 1020 876 1087 gloria
893 1021 986 1077 consul

140 1096 325 1164 triumphavit.
360 1096 402 1152 Ea
420 1097 587 1164 tempestate
604 1110 667 1166 spes
682 1099 767 1165 atque
783 1111 850 1163 opes
867 1095 986 1151 civitatis

139 1175 168 1226 in
179 1173 226 1227 ille
237 1173 314 1232 sitae
