2275 3425
439 366 488 417 cs·
504 375 603 429 iscus
679 343 682 348 ’

279 475 323 561 o.
365 417 651 563 sunnusrr
694 479 897 566 cursor

392 718 394 721 ι
440 628 742 714 cursurus.

539 819 642 850 ,ν-..ᾳ-

161 958 184 1007 1.
220 952 315 1006 ΟΜΝΗ
332 949 464 1019 homines,
481 951 528 1019 qui
546 967 607 1006 sese
623 949 738 1005 student
754 951 897 1022 praestare
914 948 1015 1004 ceteris

160 1028 330 1092 animalibus,
338 1044 444 1081 summa
453 1043 505 1095 ope
512 1028 564 1081 niti
574 1026 662 1091 decet,
672 1043 707 1079 ue
716 1026 799 1079 vitam
810 1025 919 1080 silentio
926 1028 1015 1079 trans-

161 1107 226 1158 eant
234 1104 320 1157 veluti
329 1120 433 1171 pecora,
446 1119 516 1171 quae
525 1106 592 1155 natu
631 1105 809 1170 prensatque
818 1102 909 1155 ventri
921 1100 1015 1154 obedi-

160 1179 236 1233 entia
248 1179 335 1233 finxit.
373 1178 428 1232 Sed
443 1181 537 1231 nostra
553 1194 616 1231 omn
653 1177 736 1231 visin
753 1178 844 1230 animo
859 1181 889 1231 et
900 1194 1015 1246 corpore

157 1255 215 1310 sita
226 1258 285 1320 est;
299 1254 383 1307 animi
397 1253 519 1322 imperio,
532 1253 653 1321 eorporis
670 1253 783 1306 servitio
794 1254 882 1320 magis
896 1253 1015 1318 utimur3

159 1331 279 1385 alterum
286 1329 366 1383 nobis
375 1346 437 1383 cnm
449 1330 500 1397 dis,
507 1330 625 1383 alterum
635 1345 697 1382 cum
706 1327 795 1381 beluis
809 1345 951 1382 commune
963 1332 1013 1382 est.

158 1406 222 1472 -Quo
233 1406 301 1459 mihi
313 1406 415 1461 rectius
424 1406 534 1460 videtur
545 1405 637 1473 ingeni
650 1422 732 1473 quam
742 1405 839 1457 virium
849 1404 946 1473 opibus
958 1405 1016 1473 glo

160 1483 229 1536 riam
246 1498 386 1551 quaerere,
400 1484 436 1548 et,
448 1482 576 1549 quoniam
588 1480 645 1534 vita
657 1481 717 1549 ipsa
729 1497 784 1549 qua
795 1481 912 1533 fruimur
923 1478 1016 1534 brevis

161 1561 213 1624 est,
230 1558 388 1611 memoriam
409 1557 496 1611 nostri
517 1573 600 1625 quam
624 1572 751 1609 maxume
771 1556 880 1623 longam
901 1557 1017 1611 efficere.

162 1633 234 1688 Nam
253 1633 409 1686 divitiarum
433 1636 462 1687 et
479 1633 584 1686 formae
604 1631 691 1700 gloria
709 1631 784 1684 fluxa
807 1635 892 1700 atque
910 1633 1016 1701 fragilis

160 1707 236 1780 [est],
246 1709 332 1764 virtus
344 1709 418 1763 clara
429 1713 597 1779 aeternoque
608 1707 733 1763 habetur.
759 1707 815 1762 Sed
827 1708 876 1762 diu
887 1726 1015 1778 magnum

161 1784 235 1839 inter
253 1785 376 1839 mortalis
395 1789 535 1838 certamen
553 1785 616 1853 fuit,
633 1785 696 1838 vine
716 1784 837 1854 eorporis
858 1801 893 1838 an
913 1786 1016 1839 virtute

162 1862 245 1916 animi
264 1879 308 1915 res
328 1861 454 1915 militaris
474 1861 562 1929 magis
586 1860 757 1930 precederet.
794 1860 867 1914 Nam
891 1864 920 1915 et
940 1862 1017 1930 prius

162 1953 245 2007 quam
256 1937 376 2006 incipias,
389 1937 521 2003 consulto,
534 1940 570 2003 et,
584 1936 631 1990 ubi
640 1937 814 2005 consulueris,
826 1941 934 1992 mature
943 1937 1017 1991 acto

162 2029 231 2081 opus
243 2017 292 2067 est.
330 2013 377 2067 lta
392 2015 540 2081 utrumque
556 2028 607 2081 per
619 2029 649 2065 se
665 2012 799 2080 indigens,
814 2013 931 2068 alterum
948 2014 1016 2067 alte

162 2089 416 2156 rinsauxilioeget.
445 2148 448 2153 ⁴

215 2172 239 2218 2.
275 2165 366 2233 Igitur
381 2163 459 2217 initio
476 2180 563 2232 reges,
581 2180 644 2217 nam
661 2163 689 2216 in
705 2163 788 2217 terris
803 2180 902 2218 nomen
917 2165 1018 2234 imperi

163 2240 192 2294 id
204 2241 321 2310 primum
333 2240 394 2304 fuit,
408 2239 509 2292 divorsi
526 2256 590 2307 pars
601 2240 748 2307 ingenium,
764 2240 810 2292 alii
826 2256 924 2309 corpus
941 2259 1018 2295 exer-

163 2316 277 2383 cebaut;
295 2317 439 2369 etiamtum
451 2315 508 2368 vita
523 2314 664 2368 hominum
682 2314 741 2368 sine
757 2315 909 2384 cupiditate
930 2318 1018 2385 agita-

163 2391 254 2460 batur,
266 2408 316 2446 sua
327 2391 426 2460 cuique
438 2391 505 2444 satis
516 2390 670 2459 placebant.
706 2391 806 2445 Postea
817 2408 883 2446 vero
895 2409 977 2460 quam
989 2394 1016 2446 in

164 2464 232 2522 Asia
256 2468 350 2537 Cyrus,
369 2467 397 2520 iu
417 2467 530 2522 Graecia
555 2467 765 2521 Lacedaemonii
782 2470 813 2521 et
833 2467 1018 2523 Athenienses

163 2561 279 2614 coepere
289 2544 366 2598 urbis
378 2547 461 2612 atque
473 2544 598 2598 nationes
615 2544 749 2612 subigere,
764 2543 915 2601 lubidinem
932 2545 1018 2599 domi-

163 2621 247 2674 nandi
256 2636 379 2674 caussam
389 2619 454 2673 belli
466 2619 577 2687 habere,
589 2637 745 2673 maxumam
756 2620 873 2688 gloriam
884 2621 913 2675 in
925 2639 1018 2675 maxu-

163 2712 209 2749 mo
219 2691 334 2766 imperio
347 2698 454 2766 putare,
470 2700 530 2749 tum
543 2695 653 2749 demum
665 2697 787 2765 periculo
801 2699 886 2765 atque
901 2699 1018 2766 negotiis

163 2777 333 2841 compertum
342 2776 385 2826 est
394 2772 422 2825 in
430 2771 504 2825 bello
512 2772 668 2840 plurumum
677 2772 816 2840 ingenium
825 2788 912 2840 posse.
937 2774 1018 2838 Quod

164 2848 187 2902 si
199 2864 295 2916 regum
307 2851 392 2917 atque
403 2849 602 2917 imperatorum
615 2848 698 2901 animi
709 2849 798 2901 virtus
815 2847 844 2899 in
855 2864 923 2916 pace
934 2849 975 2901 ita
986 2854 1018 2901 ut

163 2923 280 2978 inbelle
296 2925 408 2989 valeret,
422 2923 592 2994 aequabilius
609 2928 694 2992 atque
710 2923 880 2977 constantius
898 2940 958 2977 sese
972 2940 1018 2976 res

163 2999 298 3054 humanae
309 3000 452 3069 haberent,
466 3017 557 3070 neque
568 3000 645 3053 aliud
661 3000 715 3052 alio
731 2999 798 3051 ferri
814 3014 904 3063 neque
916 2999 1016 3050 mutari

163 3092 196 3130 ac
212 3076 320 3131 misceri
338 3078 429 3131 omnia
446 3092 581 3131 cerneres.
617 3075 689 3128 Nam
712 3072 857 3140 mperinm
877 3071 957 3123 facile
975 3072 1016 3123 his

163 3152 270 3207 artibus
284 3154 428 3220 retinetur,
441 3152 541 3222 quibus
552 3151 632 3204 initio
646 3153 755 3217 partum
767 3149 818 3198 est.
853 3144 957 3197 Verum
970 3145 1016 3196 ubi
