2275 3425
485 143 673 196 CATILINA.
972 133 1003 182 29

148 230 227 287 liant.
262 229 319 285 Sed
333 226 431 283 eodem
447 225 494 279 illo
506 228 631 292 tempore
643 219 775 277 Graeciae
787 233 892 273 morem
903 213 1003 270 imitati

150 296 311 363 ve'rbern'bus
336 299 595 358 animadvortebant
615 298 644 351 in
663 296 737 360 civis,
758 295 793 348 de
817 291 1004 347 condemnatis

152 399 288 436 summum
302 378 466 449 supplicium
483 375 635 430 sumebant.
671 372 822 439 Postquam
836 384 881 423 res
895 367 1004 437 publica

151 458 278 523 adolevit,
298 459 328 509 et
346 452 523 507 multitudine
543 450 643 504 civium
661 448 794 502 factiones
816 445 933 508 valuere,
952 443 1004 496 cir·

151 529 299 587 cumveniri
318 529 484 594 innocentes,
508 526 562 581 alia
586 522 777 593 hujuscemodi
800 521 860 574 fieri
881 534 1003 585 coepere,

151 610 211 661 tum
223 607 267 661 lex
281 603 379 658 Porcia
390 604 514 672 aliaeque
525 602 601 669 leges
616 601 729 669 paratae
742 600 813 664 sunt,
826 595 926 663 quibus
937 593 1004 662 legi-

152 681 204 735 bus
219 680 344 735 exsilium
361 680 499 733 damnatis
514 677 678 747 permissum
691 678 740 729 est
777 674 836 741 Ego
847 672 917 725 hanc
928 686 1004 724 cans·

153 772 218 824 saru,
244 760 338 826 patres
364 754 518 823 conscripti,
539 769 594 821 quo
620 752 710 806 minus
735 765 836 803 novum
861 746 1003 802 consilium

152 832 297 899 capiamus,
306 831 334 884 in
345 830 442 900 primis
453 845 580 896 magnam
591 832 667 897 puto.
686 826 813 879 Profecto
821 824 908 877 virtus
920 825 1004 890 atrine

152 906 285 973 sapientia
296 904 385 973 major
395 906 425 959 in
435 905 491 957 illis
501 905 562 971 fuit,
575 904 621 970 qui
635 920 670 957 ex
682 901 773 971 parvis
785 900 882 969 opibus
894 901 1003 952 tantum

152 979 296 1049 imperium
310 980 408 1047 fecere,
425 996 507 1049 quam
522 979 551 1033 in
567 979 653 1045 nobis,
667 979 713 1046 qui
731 993 765 1031 ea
779 977 849 1030 bene
865 979 946 1045 parta
956 973 1003 1025 vix

151 1056 307 1109 retinemus.
343 1054 438 1109 Placet
458 1055 544 1123 igitur
559 1070 607 1107 eos
623 1052 728 1106 dimitti
743 1059 774 1106 et
789 1049 884 1118 augeri
901 1049 1004 1104 exerci-

151 1132 211 1183 tum
224 1130 377 1202 Catilinaei
413 1130 553 1195 Minume;
572 1128 678 1182 sedita
695 1143 808 1181 censeo:
825 1124 1004 1194 publicandas

151 1220 247 1259 eorum
264 1205 401 1273 pecunias,
420 1205 494 1275 ipsos
512 1205 540 1258 in
556 1203 670 1257 rmculis
689 1201 830 1256 habendos
847 1216 898 1269 per
916 1199 1004 1253 muni-

69 1289 72 1299 “
150 1280 228 1348 cipia,
251 1297 321 1350 quae
343 1296 472 1334 maxume
495 1279 593 1349 opibus
614 1278 725 1343 valent3
755 1293 809 1330 neu
828 1275 891 1344 quis
910 1275 946 1329 de
968 1274 1004 1328 iis

150 1360 246 1423 postea
257 1356 294 1409 ad
306 1359 431 1410 senatum
447 1357 556 1421 referat,
573 1369 643 1408 neve
659 1369 721 1407 cum
736 1351 837 1421 populo
856 1354 939 1418 agat;
955 1349 1004 1417 qui

151 1430 232 1482 aliter
242 1431 348 1496 fecerit,
360 1433 484 1484 senatum
500 1430 667 1483 existumare
678 1444 741 1482 eum
754 1429 850 1481 contre
862 1441 920 1478 rem
931 1423 1003 1494 pub-

151 1503 230 1557 licam
242 1507 271 1559 et
283 1504 400 1558 salutem
412 1504 532 1558 omnium
544 1503 702 1557 facturum.’'

180 1583 245 1635 ⁹62.
321 1583 432 1649 siquam
456 1579 558 1634 Caesar
582 1578 692 1632 dicendi
715 1577 798 1632 finem
821 1576 895 1642 iecit,
918 1575 1004 1629 ceteri

151 1652 234 1707 verbo
246 1670 263 1707 a
273 1653 316 1708 ius
327 1654 372 1708 alii
384 1655 458 1709 varie
470 1653 707 1720 assentiebantur3
719 1656 749 1706 at
761 1653 799 1706 M.
809 1651 921 1705 Porcius
934 1651 1003 1705 Cato

151 1733 263 1796 rogatus
292 1731 455 1784 sententiam
484 1729 675 1798 hujuscemodi
709 1729 860 1782 orationem
890 1728 1003 1782 habuit:

35 1866 38 1873 Ι
151 1804 267 1872 “Longe
278 1805 346 1859 mihi
358 1805 411 1859 alie
422 1822 500 1860 mens
512 1808 563 1872 est,
576 1808 671 1872 patres
688 1804 844 1873 conscripti,
857 1820 940 1872 quum
957 1819 1002 1857 res

151 1881 235 1945 atque
256 1879 377 1947 pericula
400 1884 494 1934 nostra
518 1878 667 1947 considero,
688 1881 718 1933 et
742 1895 826 1947 quum
851 1878 1003 1932 sententias

150 1954 341 2009 nonnullorum
360 1972 466 2009 mecum
481 1955 540 2023 ipse
555 1958 663 2024 reputo.
701 1954 746 2008 Illi
763 1954 829 2007 mihi
841 1953 1003 2007 disseruisse

150 2028 278 2095 videntur
296 2029 332 2085 de
351 2047 440 2100 poena
457 2046 558 2098 eorum,
572 2030 619 2098 qui
635 2029 749 2099 patriae,
767 2029 935 2098 parentibus,
947 2028 1003 2081 aris

150 2107 234 2171 atque
257 2104 325 2160 iocis
349 2106 404 2159 suis
429 2104 532 2159 bellum
554 2121 703 2175 paravcr03
727 2121 773 2158 res
791 2108 885 2158 autem
908 2108 1003 2158 monet

149 2194 246 2232 cavere
268 2178 305 2232 ab
327 2179 381 2233 illis
400 2179 510 2251 [magis]
531 2197 614 2249 quam
634 2179 701 2248 quid
720 2181 747 2233 in
768 2179 829 2233 illos
849 2183 1002 2233 statuamus

149 2253 310 2308 consultare.
345 2254 417 2308 Nam
432 2259 525 2309 cetera
543 2254 677 2308 maleficia
688 2258 748 2308 tum
766 2271 941 2323 persequare,
953 2254 1001 2307 ubi

149 2327 222 2382 facta
241 2333 320 2395 sunt3
338 2329 397 2397 hoc,
408 2331 459 2384 nisi
479 2330 632 2400 provideris
652 2348 687 2385 ne
707 2331 823 2397 accidat,
834 2330 883 2383 ubi
901 2331 1000 2397 evenit,

148 2402 251 2457 fnestra
269 2402 376 2471 judicia
396 2404 540 2473 implores;
561 2409 642 2474 capta
660 2404 730 2459 urbe
753 2405 821 2458 nihil
844 2406 877 2459 fit
901 2406 1001 2473 reliqui

148 2478 235 2533 victis.
271 2479 327 2533 Sed
344 2496 395 2548 per
412 2478 479 2532 deos
496 2478 676 2534 immortalis!
696 2497 744 2535 vos
762 2497 813 2549 ego
825 2482 940 2550 appello,
953 2481 1001 2548 qui

149 2569 258 2622 semper
270 2554 371 2622 domos,
384 2555 469 2622 villas,
483 2556 567 2623 signa,
581 2556 689 2610 tabulas
701 2561 808 2611 vostras
819 2556 906 2623 pluris
919 2572 1001 2623 quam

148 2628 357 2698 rempublicam
369 2630 488 2694 fecistis3
506 2630 529 2683 si
546 2631 608 2696 ista,
621 2630 818 2698 cujuscumque
836 2630 911 2684 modi
929 2633 1001 2698 sunt,

149 2718 219 2771 quae
231 2703 431 2770 amplexamini,
440 2704 567 2769 retinere,
575 2705 597 2757 si
611 2705 799 2773 voluptatibus
807 2705 1001 2759 vostrisotium

148 2777 282 2845 praebere
301 2777 389 2845 voltis,
410 2779 631 2846 expergiscimini
652 2779 798 2847 aliquando
818 2783 847 2832 et
866 2780 1001 2846 capessite

148 2867 207 2904 rem
227 2852 372 2920 publicam.
407 2852 470 2906 Nou
491 2853 584 2921 agitur
604 2854 640 2907 de
661 2853 838 2921 vectigalibus
857 2869 947 2919 nequo
964 2854 1000 2907 de

149 2926 283 2981 sociorum
294 2926 417 2996 injuriis3
433 2927 548 2981 libertas
561 2932 591 2982 et
603 2929 694 2981 anima
706 2927 840 2981 nostruin
853 2927 936 2979 dubio
948 2932 998 2981 ost

149 3001 358 3070 Saepenumero,
370 3006 465 3072 patres
477 3003 634 3072 conscripti,
646 3003 734 3055 multa
746 3001 830 3054 verba
841 3003 869 3054 in
887 2999 939 3052 hoc
956 3018 999 3054 or-

149 3075 213 3130 dine
233 3076 293 3143 foci,
314 3093 396 3146 saepe
415 3077 451 3131 de
471 3077 580 3129 luxuria
599 3081 684 3144 atque
705 3075 819 3128 avantia
842 3078 998 3129 nostrorum

149 3149 247 3205 civium
271 3154 386 3221 questus
414 3166 481 3216 sum,
505 3150 662 3218 multosque
689 3147 812 3202 mortalis
840 3164 874 3202 ea
902 3164 999 3202 caussa
