2275 3425
154 105 185 153 so
401 102 429 150 c.
447 82 619 150 sunonem
635 98 753 148 esrem

152 183 250 239 liosum
266 182 306 253 [in
321 181 380 252 eos]
397 182 477 249 foret,
493 182 516 236 si
534 180 643 250 equites
658 178 775 233 Romani
793 176 925 234 satellites
942 176 968 230 N
970 192 1001 230 u·

152 258 244 313 midae
260 259 443 313 traderentur.
479 257 560 311 Hunc
580 256 684 311 Marius
707 255 819 309 anxium
842 253 1002 322 aggreditur

152 337 237 403 atque
252 334 379 387 hortatur
394 338 426 386 ut
442 332 665 386 contumeliarum
683 329 856 399 imperatoris
872 346 935 383 cum
951 346 1000 383 suo

151 409 253 465 auxilio
264 422 365 478 poenas
377 411 469 476 petst;
486 407 670 473 hominemob
682 407 791 461 morbos
803 406 893 460 animo
904 421 1001 474 parum

152 484 243 538 valido
255 484 374 537 secrmda
384 484 508 538 oratione
520 483 640 538 extollit:
658 482 735 536 illum
747 498 847 548 regem,
859 481 1000 548 ingentem

152 560 248 627 virum,
268 560 429 614 Masinissae
447 564 575 628 nepotem
594 576 669 624 esse3
702 558 726 611 si
743 558 884 626 ,Iugurtha
904 560 1000 625 captus

151 639 201 690 aut
216 636 320 690 occisus
335 636 415 702 foret,
432 635 578 704 imperium
597 634 742 688 Numidiae
758 634 816 688 sine
832 633 1000 691 morababi-

152 715 259 775 turum;
276 711 307 764 id
318 711 388 766 adeo
400 715 508 766 mature
523 727 603 780 posse
620 710 736 778 evenire,
747 710 771 765 si
782 711 841 779 ipse
856 709 949 764 consul
963 709 1000 764 ad

151 787 182 840 id
197 786 298 840 bellum
314 788 412 841 missus
426 787 507 841 foret.
543 787 645 855 Itaque
656 790 687 840 et
697 787 774 840 illum
787 785 934 855 etequites
947 785 1000 838 Ro
1038 846 1042 854 ‚

151 878 253 931 manos,
277 862 379 918 milites
402 867 431 917 et
451 862 644 930 negotiatores,
668 861 735 915 alios
758 863 824 932 ipse,
853 862 999 930 plerosque

151 938 226 1007 pacis
249 955 312 1006 spes
335 939 459 1007 impellit,
483 938 525 992 uti
550 937 666 998 Romam
690 938 727 991 ad
750 955 812 992 suos
832 935 999 992 necessarios

151 1030 248 1082 aspere
263 1015 291 1067 in
309 1014 452 1068 Metellum
469 1014 505 1067 de
520 1013 592 1067 bello
609 1013 736 1081 scribant,
750 1012 869 1067 Marium
882 1012 999 1081 impera

151 1094 249 1164 torem,
260 1094 379 1158 poscant.
415 1089 460 1144 Sic
478 1089 518 1143 illi
536 1106 553 1142 a
571 1089 666 1143 multis
686 1087 848 1142 mortalibus
867 1087 1000 1142 honestis-

151 1182 239 1223 suma.
258 1162 455 1234 suffragatione
470 1165 634 1219 vconsulatus
663 1163 824 1231 petebatur3
857 1164 935 1217 simul
965 1179 1000 1217 ea

151 1245 316 1311 tempestate
333 1242 429 1311 plebes
444 1240 587 1295 nobilitate
602 1241 663 1295 tusa
677 1256 728 1309 per
743 1239 833 1307 legem
848 1240 999 1294 Mamiliam

151 1334 235 1370 novos
245 1317 401 1372 extollebat.
438 1317 483 1371 Ita
495 1316 584 1370 Mario
595 1319 693 1370 cuncta
705 1315 860 1384 procedere.

203 1399 244 1448 66.
280 1393 397 1447 Interim
415 1392 560 1460 Jugurtha,
578 1395 723 1461 postquam
742 1391 842 1445 omissa
859 1391 1000 1446 deditione

150 1469 252 1523 bellurn
264 1469 366 1537 incipit,
378 1484 440 1521 cum
454 1484 553 1536 magna
566 1484 631 1522 cura
643 1484 741 1535 parare
753 1469 850 1535 omnia,
861 1467 999 1534 festinare,

149 1560 247 1612 cogere
259 1544 416 1610 exercitum,
430 1543 555 1610 civitatis,
564 1559 636 1610 quae
647 1543 682 1596 ab
691 1559 722 1597 se
731 1543 897 1611 defecerant,
907 1543 999 1597 formi-

150 1620 215 1674 dine
228 1625 276 1674 aut
290 1618 454 1674 ostentando
467 1621 590 1687 praemia
607 1619 742 1687 affectare,
755 1619 922 1673 communire
936 1636 999 1673 suos

149 1697 228 1762 locos,
246 1713 329 1765 armo,
343 1696 407 1763 tela,
427 1695 540 1765 aliaque,
559 1712 629 1764 quae
648 1708 696 1765 spe
714 1695 788 1765 pacis
806 1695 941 1763 amiserat,
958 1702 1000 1750 ret

149 1773 231 1826 ficere
242 1776 290 1826 aut
301 1772 485 1839 commercari,
504 1771 615 1825 servitia
634 1771 819 1826 Romanorum
837 1772 953 1839 adicere,
969 1776 999 1827 et

149 1864 196 1903 eos
218 1848 292 1917 ipsos
315 1848 414 1916 quiin
436 1847 581 1916 praesidiis
605 1851 685 1902 erant
708 1848 822 1917 pecunia
846 1850 999 1916 temptam

149 1940 259 1992 prorsus
276 1924 343 1977 nihil
358 1924 492 1978 intactum
507 1939 597 1991 neque
614 1922 737 1992 quietum
752 1925 818 1992 pati,
835 1919 932 1977 cuneta
943 1924 999 1990 agi·

149 2003 215 2053 tare.
253 2000 344 2068 Igitur
362 2001 511 2068 Vagenses,
531 2016 586 2069 quo
603 1998 734 2053 Metellus
757 1999 835 2053 initio
858 1998 999 2067 «iugurtha

148 2076 308 2143 pacificante
329 2075 495 2145 praesidium
516 2076 692 2142 imposuerat,
715 2075 822 2143 fatigati
845 2075 918 2143 regis
935 2091 1011 2143 sup.

148 2151 236 2219 pliciis
248 2167 336 2219 neque
348 2154 430 2205 antea
441 2150 583 2204 voluntate
597 2151 717 2217 alienati,
729 2151 866 2221 principes
877 2150 998 2209 civitatis

148 2227 222 2281 inter
237 2243 267 2279 se
283 2227 441 2295 conjurant;
458 2242 521 2279 nam
533 2226 637 2293 volgus,
649 2227 691 2280 uti
708 2227 868 2295 plerumque
880 2226 956 2292 solet,
967 2230 998 2280 et

148 2318 275 2355 maxume
290 2302 315 2354 N
317 2302 477 2368 umidarum,
493 2301 606 2369 ingenio
613 2301 720 2368 mobili,
738 2301 897 2356 seditiosum
913 2305 997 2370 atque
1068 2337 1071 2338 ν
1133 2329 1134 2332 “

149 2377 345 2430 discordiosum
363 2380 431 2450 erat,
451 2377 580 2445 cupidum
600 2394 730 2431 novarum
749 2395 846 2442 rerum,
863 2378 948 2446 quieti
967 2382 997 2433 et

148 2452 205 2506 otio
217 2453 368 2506 advorsum.
405 2452 477 2506 Dein
491 2452 649 2521 compositis
663 2452 736 2506 inter
748 2470 778 2507 se
790 2454 871 2507 rebus
882 2453 910 2506 in
922 2452 997 2507 diem

148 2528 261 2582 tertium
280 2527 457 2594 constituunt,
476 2528 592 2596 quodie
611 2529 698 2583 festus
717 2529 926 2597 celebratusque
945 2545 997 2598 per

148 2620 256 2658 omnem
269 2603 390 2657 Africam
403 2603 498 2656 ludum
511 2606 540 2657 et
551 2603 688 2658 lasciviam
704 2605 791 2673 magis
808 2620 888 2672 quarn
904 2605 996 2658 formi-

148 2679 238 2733 dinem
259 2680 422 2734 ostentabat.
459 2679 515 2733 Sed
535 2678 584 2733 ubi
607 2683 717 2750 tempus
740 2681 801 2749 mit,
824 2680 996 2735 centuriones

147 2754 325 2824 tribunosque
348 2755 474 2809 militaris
495 2758 524 2809 et
546 2754 635 2824 ipsum
658 2757 828 2826 praefectum
850 2756 943 2824 oppidi
966 2756 996 2809 T.

148 2830 297 2899 Turpilium
321 2830 449 2898 Silanum,
470 2830 539 2884 alius
561 2831 645 2884 alium
668 2830 763 2887 domos
787 2848 850 2886 suas
870 2832 1020 2907 invitant,¹

147 2921 194 2958 eos
211 2907 298 2960 omnis
315 2910 427 2974 praeter
445 2906 595 2975 Turpilium
612 2906 685 2961 inter
702 2908 796 2977 epulas
817 2906 996 2973 obtruncant3

139 2983 243 3047 postea
260 2981 360 3035 milites
378 2981 503 3051 palantis,
521 2981 641 3035 inermos
662 2984 762 3051 quippe
780 2985 809 3037 in
823 2983 879 3038 'tali
899 2983 945 3037 die
964 3000 997 3038 ac

147 3054 205 3108 sine
228 3056 352 3125 imperio,
377 3055 581 3124 aggrediuntur.
626 3057 705 3112 Idem
724 3059 820 3127 plebes
837 3060 913 3128 facit,
932 3077 997 3129 pars

147 3127 238 3182 edocti
256 3131 292 3183 ab
312 3131 462 3197 nobilitate,
480 3130 528 3183 alii
549 3131 641 3185 studio
657 3134 753 3189 talium
770 3153 863 3190 rerum
879 3136 996 3204 incitati,
