2275 3425
130 114 162 163 12
376 113 404 161 0.
423 109 600 162 SALLUSTI
617 109 734 159 CRISPI

130 193 291 261 sacerdotia,
300 192 416 262 rapinas,
429 193 483 247 alia
494 192 591 260 omnia,
600 208 671 261 quae
681 191 784 246 bellum
791 194 876 261 atque
887 191 980 269 lubido

130 271 263 324 victorum
287 270 349 324 fert.
386 269 535 323 Praeterea
559 285 620 323 esse
643 270 671 322 in
697 269 831 338 Hispania
853 269 980 324 citeriore

131 346 266 412 Pisonem,
279 346 306 398 in
322 345 495 399 Mauretania
510 362 572 399 cum
585 347 710 400 exercitu
723 346 752 399 P.
766 346 879 400 Sittium
891 346 917 398 N
918 363 980 400 uce-

130 421 226 487 rinum,
251 421 345 474 consili
374 421 416 474 sui
443 421 607 489 participem
636 425 731 491 petere
754 421 923 476 consulatum
950 422 980 476 C.

131 497 292 564 Antonium,
305 513 386 565 quem
404 496 455 549 sibi
474 497 605 565 collegam
623 498 682 551 fore
702 501 833 566 speraret,
844 498 980 552 hominem

130 576 159 626 et
179 573 339 626 familiarem
359 578 387 627 ct
407 573 530 627 omnibus
549 573 799 627 necessitudinibus
816 575 981 629 circumven-

130 652 206 714 tum;
223 666 284 702 eum
297 666 330 703 eo
342 667 372 704 so
383 649 521 703 consulem
533 650 643 703 initium
655 649 757 718 agundi
769 651 913 704 facturum.
933 650 980 704 Ad

129 725 181 778 hoc
205 725 358 780 maledictis
380 725 503 794 increpat
528 728 616 779 omnis
640 726 732 793 bonos,
754 743 865 780 suorum
884 744 980 780 unum-

130 817 266 870 quemque
273 803 415 856 nominans
429 802 556 867 laudarc;
567 802 734 856 admonebat
746 803 830 856 aliunt
838 805 979 871 egestatis,

129 876 212 932 alium
220 877 378 946 cupiditatis
390 895 462 945 suae,
470 878 616 947 compluris
627 878 740 946 periculi
753 884 801 933 aut
810 880 980 948 ignominiae,

129 953 229 1007 multos
253 954 382 1008 victoriae
406 954 540 1022 Sullanae,
560 955 661 1024 quibus
686 971 719 1009 ea
743 955 862 1025 praedae
882 957 979 1010 firerat.

131 1027 280 1098 Postquam
299 1032 419 1084 omnium
439 1032 543 1084 animos
562 1030 659 1084 alacris
675 1030 758 1098 videt,
773 1031 931 1086 cohortatus
948 1036 981 1085 ut

129 1106 290 1172 petitionem
304 1124 381 1161 suam
392 1125 473 1162 curae
485 1108 626 1175 haberent,
639 1112 802 1162 conventum
815 1108 926 1162 dimisit.

182 1187 222 1235 22.
259 1183 348 1238 Fuere
367 1201 400 1237 ea
423 1188 589 1253 tempestate
613 1186 660 1253 qui
688 1185 810 1238 dicerent
835 1184 980 1238 Catilinam

129 1258 251 1312 oratione
263 1259 364 1327 habita,
374 1277 458 1330 quum
470 1260 505 1312 ad
514 1260 710 1328 jusjurandum
722 1260 861 1330 popularis
871 1260 980 1314 sceleris

130 1334 172 1385 sui
183 1334 315 1403 adigeret,
322 1337 434 1391 humani
443 1337 564 1406 corporis
576 1338 734 1404 sanguinem
741 1337 804 1389 vino
813 1336 980 1405 permixtum

129 1409 271 1478 inpetens
284 1413 497 1478 circumtulisse;
515 1413 581 1466 inde
594 1429 678 1482 quum
691 1416 754 1484 post
766 1413 979 1466 exsecrationem

130 1501 223 1540 omnes
242 1488 469 1558 degustavissent‚
488 1490 560 1544 siout
579 1489 606 1542 in
625 1488 799 1542 sollemnibus
818 1490 903 1542 sacris
920 1489 980 1543 fieri

130 1564 276 1632 consuevit,
288 1567 426 1635 aperuisse
438 1567 578 1619 consilinm
592 1582 677 1630 suum,
687 1570 771 1635 atque
784 1583 817 1619 eo
829 1564 980 1635 [dictitare]

129 1638 232 1706 fecisse,
252 1659 305 1710 quo
324 1643 396 1696 inter
416 1660 445 1697 se
466 1644 552 1712 magis
572 1643 621 1696 fidi
638 1644 737 1710 forent,
757 1642 826 1695 alius
845 1642 890 1695 alii
908 1641 979 1696 tanti

129 1715 254 1770 tacinoris
266 1719 372 1774 conscii.
409 1720 538 1773 Nonnulli
552 1720 617 1774 fieta
630 1723 658 1773 et
676 1720 744 1773 haec
756 1723 786 1772 ct
798 1720 885 1772 multa
902 1736 980 1787 prae-

129 1795 206 1845 terea
218 1794 473 1850 existumabantab
489 1796 529 1862 iis,
542 1797 590 1864 qui
608 1795 747 1849 Ciceronis
759 1795 897 1861 invidiam,
909 1812 980 1862 quae

129 1872 224 1935 postea
235 1875 296 1923 orta
303 1875 353 1938 est,
360 1872 439 1925 leniri
450 1872 602 1926 credebant
610 1872 756 1925 atrocitate
766 1871 875 1924 sceleris
885 1887 979 1924 eorum

129 1943 176 2012 qui
196 1962 296 2012 poenas
320 1947 462 2002 dederant.
499 1947 586 2001 Nobis
605 1964 638 2000 ea
656 1963 701 2000 res
722 1962 772 2014 pro
791 1946 979 2014 magnitudine

129 2036 225 2085 parum
236 2027 376 2091 comperta
388 2027 437 2079 est.
768 2026 776 2039 ⁸

181 2102 222 2150 23.
258 2098 314 2152 Sed
333 2099 362 2152 in
381 2116 414 2153 ea
437 2099 626 2166 conjuratione
647 2099 699 2152 fuit
721 2099 752 2164 Q.
772 2098 878 2166 Curius,
897 2103 979 2154 natus

129 2171 202 2225 haud
214 2172 328 2228 obscuro
340 2176 405 2242 loeo,
417 2174 527 2243 flagitiis
546 2179 629 2242 atque
645 2174 808 2228 facinoribus
825 2180 978 2244 coopertus,

129 2264 210 2314 quem
231 2265 356 2304 censores
376 2254 473 2304 senatu
492 2249 586 2318 probri
609 2250 699 2318 gratia
719 2254 867 2304 moverant.
905 2252 978 2305 Huic

128 2322 230 2377 homini
246 2342 300 2379 non
318 2327 407 2387 minor
419 2326 523 2380 vanitas
541 2326 630 2380 inerat
645 2343 727 2395 quam
743 2326 871 2393 audaeia3
889 2343 978 2396 neque

128 2400 244 2454 reticere
257 2418 327 2469 quae
339 2403 472 2470 audierat,
485 2419 575 2471 neque
586 2406 693 2457 suamet
704 2402 763 2472 ipse
776 2402 878 2457 scelera
890 2404 978 2458 occul-

128 2478 195 2543 tare,
208 2493 319 2545 prorsus
330 2496 420 2548 neque
432 2479 523 2533 dicere
534 2496 623 2546 neque
636 2480 724 2533 tacere
736 2480 883 2548 quicquam
900 2483 977 2549 pensi

128 2551 254 2607 habebat
290 2555 358 2608 Erat
383 2555 409 2609 ei
432 2573 494 2609 eum
519 2554 622 2622 Fulvia,
641 2556 755 2609 muliero
775 2555 866 2622 nobili,
889 2556 977 2625 stupri

128 2631 207 2682 vetus
225 2631 409 2698 consuetudo;
427 2632 470 2686 cui
489 2648 575 2700 quum
594 2632 683 2685 minus
703 2635 797 2700 gratus
816 2636 895 2698 esset,
913 2632 978 2700 quia

127 2703 218 2773 inopia
241 2706 330 2761 minus
345 2707 447 2777 >largiri
470 2711 588 2776 poterat,
612 2713 725 2776 repente
749 2708 868 2776 glorians
892 2708 977 2761 maria

127 2782 280 2851 montisque
299 2784 418 2852 polliceri
435 2784 525 2853 coepit
541 2787 570 2837 et
588 2784 685 2836 minari
699 2784 837 2836 interdum
856 2784 935 2852 ferro,
947 2784 976 2835 ni

127 2855 179 2908 sibi
190 2856 307 2912 obnoxia
318 2860 398 2928 foret,
410 2864 549 2930 postremo
566 2859 684 2914 ferocius
702 2861 806 2928 agitare
819 2877 901 2928 quam
914 2860 976 2913 soli-

127 2937 171 2985 tus
191 2939 257 2989 erat.
295 2939 335 2991 At
357 2936 460 3006 Fulvia,
479 2937 640 2990 insolentiae
661 2938 726 2991 Curi
745 2953 840 2991 caussa
858 2936 975 3004 cognite„

127 3009 183 3061 talc
195 3013 345 3077 periculum
363 3013 404 3066 rei
418 3013 544 3081 publicae
559 3013 634 3066 haud
651 3013 787 3067 occultum
805 3011 908 3079 habuit,
925 3012 976 3066 sed

126 3084 234 3140 sublato
246 3093 358 3143 auctore
375 3089 411 3143 de
424 3089 559 3143 Catilinae
575 3088 770 3159 conjuratione,
784 3106 854 3158 quae
866 3105 976 3158 quoque

126 3159 208 3213 modo
220 3164 352 3233 audierat,
365 3164 549 3234 compluribus
563 3166 692 3219 narrarit.
727 3164 768 3217 Ea
780 3182 824 3218 res
835 3165 864 3218 in
880 3164 976 3233 primis
