2275 3425
405 121 410 127 ·
488 104 506 152 J
511 103 697 153 UGURTHA.
989 107 1018 154 35

157 199 266 254 ,campo
278 183 369 247 situm,
386 185 471 252 magis
486 201 569 254 opere
584 202 665 253 quam
685 189 784 239 natura
803 186 937 239 munitum
952 190 1018 250 erat,

156 260 270 314 nul-lius
293 258 407 313 idoneae
430 261 470 314 rei
494 279 584 329 egeus,
609 262 691 315 armis
711 263 831 331 virisque
852 261 1018 331 opulentum.

172 336 263 403 Igitur
281 334 410 388 Metellus
428 354 478 406 pro
495 342 619 407 tempore
636 343 721 406 atque
739 339 797 392 loeo
814 337 920 408 paratis
937 338 1019 391 rebus

170 416 268 464 cuncta
281 411 386 464 moenia
401 414 522 466 exercitu
537 415 720 481 circumvenit,
734 415 832 482 legatis
843 415 961 482 imperat
972 414 1017 467 ubi

170 487 284 555 quisque
299 491 416 541 curaret.
448 489 555 542 Deinde
570 491 647 557 signo
659 490 724 544 dato
736 491 857 558 undique
872 489 952 543 simul
967 490 1017 543 cla-

157 579 230 621 mor
243 563 338 630 ingens
350 564 446 631 oritur,
456 582 543 633 neque
556 582 589 619 ca
601 582 645 618 res
658 566 792 624 Numidas
803 569 906 630 terret;
922 565 1017 619 infensi

156 637 322 707 intentique
346 640 405 694 sine
427 641 547 693 tumultu
570 645 696 706 manent;
726 641 859 710 proelium
882 640 1017 710 incipitur.

170 713 292 781 Romani,
312 733 363 785 pro
382 717 489 784 ingenio
508 718 629 786 quisque,
649 734 713 786 pars
733 717 837 771 eminus
855 716 955 785 glande
971 727 1018 768 aut

169 788 306 859 lapidibus
317 809 447 861 pugnare,
465 793 511 845 alii
526 794 671 846 succedere
683 811 715 847 ac
727 810 835 847 murum
847 792 928 846 modo
941 792 1016 845 suffo-

170 864 244 934 dere,
256 868 336 920 modo
353 868 430 921 scalis
446 869 567 937 aggredi,
582 886 682 938 cupere
701 869 835 938 proelium
850 868 878 921 in
895 867 1018 921 manibus

169 942 266 996 facere.
302 944 404 997 Contra
421 961 454 997 ea
472 946 602 1014 oppidani
616 946 644 997 in
658 961 806 1013 proxumos
823 959 889 997 saxa
903 943 1017 1007 volvere,

169 1018 252 1083 sudis,
263 1019 327 1088 pila,
340 1024 485 1088 practerea
496 1021 584 1090 picem
597 1024 627 1074 et
640 1020 768 1091 sulphure
781 1019 892 1074 taedam
904 1020 1016 1073 mixtam

168 1094 276 1147 ardenti
289 1096 407 1149 mittere.
443 1096 499 1150 Sed
516 1113 551 1150 ne
566 1097 627 1149 illos
643 1096 754 1163 quidem
770 1096 817 1163 qui
833 1095 927 1164 procul
943 1111 1018 1147 man-

168 1175 260 1222 serant
269 1169 351 1224 timor
359 1173 441 1225 animi
450 1172 517 1226 satis
526 1173 693 1234 muniverat;
705 1188 769 1224 nam
778 1171 921 1240 plerosque
926 1170 1017 1237 jacula

169 1246 312 1299 tormentis
332 1251 380 1302 aut
399 1266 481 1302 manu
501 1249 600 1301 emissa
615 1247 800 1312 vulnerabant,
818 1246 930 1315 parique
948 1246 1018 1314 peri-

157 1321 238 1391 culo,
251 1323 302 1375 sed
314 1322 386 1376 fama
397 1324 495 1392 impari
507 1323 570 1376 boni
584 1327 667 1391 atquc
679 1322 769 1390 ignari
782 1325 867 1376 erant.

221 1404 262 1450 58.
287 1399 359 1451 Dum
372 1400 445 1466 apud
458 1400 568 1451 Zamam
581 1399 619 1452 sic
631 1401 760 1464 certatur,
773 1398 791 1450 J
793 1397 910 1466 ugurtha
922 1414 954 1451 ex
968 1399 1017 1452 im-

158 1473 278 1540 proviso
297 1476 387 1525 castra
405 1474 522 1526 hostium
544 1491 604 1528 eum
624 1490 721 1540 magna
739 1491 821 1527 manu
838 1474 955 1538 invadit;
976 1491 1017 1528 re-

169 1548 260 1600 missis
277 1549 324 1615 qui
349 1550 377 1601 in
402 1550 539 1618 praesidio
560 1554 647 1616 erant,
674 1554 702 1603 et
726 1551 816 1603 omnia
832 1551 918 1616 magis
935 1568 1016 1618 quam

169 1624 302 1691 proelium
321 1626 550 1693 exspectantibus,
569 1630 678 1695 portam
696 1626 830 1694 irrumpit.
872 1627 912 1679 At
930 1627 1017 1681 nostri

169 1701 312 1769 repentino
329 1705 405 1756 metu
422 1702 539 1769 perculsi
557 1702 608 1756 sibi
626 1702 740 1771 quisque
757 1720 806 1772 pro
823 1702 943 1755 moribus
954 1720 1016 1757 con-

159 1776 277 1841 ‚sulunt;
289 1778 335 1830 alii
343 1778 446 1844 lugere,
453 1778 498 1830 alii
506 1795 582 1831 arma
592 1795 696 1846 capere,
706 1795 805 1845 magna
812 1796 876 1846 pars
884 1779 1016 1832 volnerati

169 1856 218 1906 aut
233 1853 321 1906 occisi.
357 1852 486 1906 Ceterum
504 1855 623 1906 exomni
640 1854 815 1907 multitudine
831 1871 884 1907 non
901 1855 1016 1922 amplius

169 1928 358 1997 quadraginta,
384 1945 517 1982 memores
540 1929 657 1983 nominis
684 1930 808 1997 Romani,
834 1946 918 1997 grege
937 1930 1016 1983 ,facto

157 2004 258 2065 ,locum
278 2021 375 2072 cepero
398 2005 479 2072 paulo
498 2022 579 2073 quam
599 2005 644 2057 alii
669 2005 820 2072 editiorem,
841 2021 928 2074 neque
951 2005 1016 2059 inde

169 2096 297 2133 maxuma
315 2081 342 2133 vi
362 2080 462 2150 depelli
481 2082 635 2149 quiverunt,
655 2082 705 2135 sed
728 2082 784 2135 tela
807 2082 911 2144 eminus
934 2082 1017 2135 missa

169 2157 319 2222 remittere,
335 2157 414 2225 pauci
433 2156 461 2208 in
482 2156 605 2224 pluribus
624 2157 713 2210 minus
732 2157 873 2222 frustrati3
897 2157 939 2211 sin
958 2157 984 2210 N
986 2175 1016 2210 u-

168 2232 260 2285 midae
276 2232 388 2301 propius
403 2233 587 2299 accessissent,
601 2232 638 2285 ibi
651 2249 715 2286 vero
727 2233 859 2299 virtutem
872 2232 1016 2286 ostendere

157 2312 198 2368 ¹et
217 2325 263 2362 eos
277 2324 405 2361 maxuma
418 2307 445 2360 vi
463 2308 585 2374 caedere,
602 2308 719 2362 fundere
734 2313 818 2377 atque
831 2308 934 2377 fugare.
969 2309 1016 2361 Iu-

167 2384 250 2437 terim
267 2384 395 2437 Metellus
415 2400 498 2452 quum
517 2401 658 2438 acerrume
671 2401 729 2437 rem
741 2388 858 2452 gereret,
870 2384 1015 2437 clamorem

168 2459 293 2513 hostilem
309 2460 344 2512 ab
360 2465 440 2527 tergo
456 2460 575 2529 accepit3
594 2460 657 2513 dein
669 2476 798 2513 convorso
814 2476 884 2528 equo
896 2458 1016 2512 animad-

167 2536 252 2588 vortit
274 2536 367 2603 fugam
390 2535 427 2589 ad
448 2552 477 2589 se
496 2551 604 2589 vorsum
629 2536 697 2603 fieri,
716 2552 787 2604 quae
811 2552 855 2588 res
879 2534 1016 2588 iudicabat

156 2603 305 2679 spopularis
317 2627 383 2665 esse.
417 2612 508 2679 Igitur
522 2612 674 2680 equitatum
686 2628 794 2665 omnem
806 2612 842 2664 ad
854 2616 943 2663 castra
954 2625 1016 2678 pro-

168 2703 233 2755 pere
242 2687 323 2756 misit,
331 2704 362 2741 ac
370 2688 464 2742 statim
477 2688 506 2743 O.
515 2688 633 2741 Marium
643 2705 704 2741 eum
712 2686 868 2741 cohortibus
876 2686 1016 2753 sociorum,

168 2760 285 2831 eumque
300 2763 453 2818 lacrumans
468 2781 518 2833 per
532 2764 675 2816 amicitiam
691 2779 797 2831 perque
809 2778 867 2814 rem
880 2761 1016 2828 publicam

168 2838 300 2905 obsecrat,
319 2855 353 2892 ne
372 2856 454 2907 quam
474 2838 666 2892 contumeliam
685 2852 826 2890 remanere
845 2835 874 2887 in
893 2836 1016 2889 exercitu

168 2914 277 2979 victore,
290 2931 358 2968 neve
370 2914 440 2967 lrost'
421 2918 457 2967 t1s
469 2914 569 2967 inultos
581 2913 657 2966 abiro
669 2912 748 2964 sinat
784 2910 835 2962 Ille
850 2909 926 2962 brevi
942 2926 1016 2962 man-

168 2988 235 3042 data
253 2989 341 3042 efficit.
323 2993 421 3042 tAt
444 2988 583 3056 Jugurtha
605 2987 772 3040 munimento
796 2985 976 3037 castrorum
968 3001 1017 3036 rm·
1042 2992 1046 2998 ’

167 3064 284 3133 peditus,
297 3080 381 3132 quum
394 3063 439 3115 alii
452 3080 534 3129 super
547 3062 647 3114 vallum
663 3058 916 3127 praecipitarentur,
929 3057 1015 3109 aliiiu

167 3139 321 3208 augustiis
313 3156 365 3208 ipsi
358 3138 428 3191 sibi
443 3138 623 3204 properantes
638 3134 785 3193 officerent,
800 3130 895 3183 multis
909 3129 1016 3183 amissis
