2275 3425
146 108 178 160 78
393 107 421 154 C.
441 102 615 152 SALLUSTI
632 101 746 150 CRISPI

147 186 308 256 elephantos
331 184 426 251 omnis,
450 200 583 252 equorum
607 185 637 236 et
658 197 796 235 armorum
819 180 995 250 aliquantum.

148 263 223 327 Quae
235 265 379 330 postquam
397 261 456 314 sine
473 276 549 313 mora
565 259 647 315 iacta.
656 260 728 327 aunt,
736 284 738 289 ⁴
740 257 823 326 jubet
839 257 925 311 omnis
937 273 998 325 per-

146 337 225 404 fugas
237 337 341 390 vinctos
358 336 466 390 adduci.
501 336 721 402 Elorum-magna
739 350 811 403 pars,
831 332 874 387 uti
888 331 998 400 jussum

147 416 215 479 crat,
240 412 368 477 adducti;
398 412 485 481 pauci,
514 408 599 479 quum
612 411 744 486 aprimum
770 408 876 463 deditio
900 409 997 478 coepit,

147 488 184 541 ad
203 505 297 556 regem
316 488 453 542 Bocchum
472 488 500 541 in
519 486 720 555 Mauretaniam
739 485 870 539 abierant.
909 485 998 552 Igitur

147 565 166 617 J
169 563 295 632 ugurtha,
314 563 363 616 ubi
380 564 462 617 armis
475 563 595 633 virisque
614 566 643 617 et
661 562 777 630 pecunia
796 560 927 630 spoliatus
946 562 998 628 est,

148 656 231 707 quum
249 639 309 707 ipse
325 639 361 692 ad
377 639 565 708 imperandum
583 637 716 692 Tisidium
733 639 884 705 vocaretur,
902 652 998 690 rursus

147 715 237 782 coepit
260 714 371 768 flectere
394 715 513 768 animum
537 731 617 768 suum
638 717 722 768 etex
743 712 814 766 mala
834 712 998 766 conscientia

148 791 231 858 digna
243 790 346 845 timere.
383 790 507 859 Denique
519 791 612 844 multis
624 789 721 843 diebus
736 805 786 858 per
798 787 997 842 dubitationem

148 867 322 935 consumptis,
335 883 418 935 quum
434 866 515 921 modo
534 866 627 920 taedio
645 881 737 919 rerum
752 865 928 919 advorsarum
940 880 997 917 om-

148 943 194 996 nia
210 941 284 996 bello
302 943 410 1012 potiora
431 942 551 1008 duceret,
570 942 710 996 interdum
729 950 821 995 secum
839 940 898 1009 ipsa
918 957 998 1008 repu-

148 1021 228 1083 taret,
241 1034 323 1087 quam
344 1019 435 1087 gravis
453 1036 531 1073 casus
553 1019 581 1071 in
600 1018 741 1072 servitium
761 1033 796 1071 ex
815 1033 899 1085 regno
919 1017 998 1085 foret,

149 1093 242 1147 multis
262 1094 421 1162 magnisque
444 1094 589 1164 praesidiis
613 1094 793 1162 nequicquam
817 1092 941 1162 perditis,
962 1092 998 1145 de

148 1169 255 1237 integro
278 1169 380 1223 bellum
403 1171 492 1224 sumit.
529 1168 721 1243 [Bit-Romae
745 1167 916 1230 senatus‘de,
934 1166 999 1236 pross

150 1245 243 1299 vinciis
254 1245 393 1298 consultus
405 1246 562 1300 Numidiam
567 1245 688 1307 ··M,eaello
700 1244 880 1307 decreverat„
902 1302 905 1306 ,

202 1326 241 1375 63.
278 1320 332 1374 Per
352 1321 426 1375 idem
447 1321 676 1391 tempusrUtic‘ae
689 1321 770 1374 »forte
791 1320 820 1374 Ο.
840 1321 928 1374 Mario
948 1337 999 1390 per

149 1395 252 1450 hostias
268 1396 311 1449 dis
327 1397 489 1466 supplicanti
505 1413 605 1465 magna
620 1400 704 1465 atque
720 1396 855 1450 mirabilia
869 1395 998 1466 portendi

149 1471 286 1541 haruspex
300 1472 424 1538 dixerat;
441 1474 556 1541 proinde
574 1474 752 1542 quaeanimo
770 1472 892 1540 agitabat
909 1474 999 1527 fretus

149 1547 193 1601 dis
222 1552 324 1616 ageret,
348 1550 485 1603 fortunam
515 1565 598 1618 quam
628 1549 794 1617 saepissume
818 1548 998 1617 experiretur,

149 1627 245 1678 cuncta
262 1640 393 1694 prospere
414 1630 550 1679 eventura.
588 1627 628 1679 At
652 1624 729 1677 illum
748 1622 808 1691 jam
832 1629 998 1678 anteacon-

149 1698 255 1755 sulatus
271 1699 367 1768 ingens
386 1700 484 1770 cupido
502 1699 668 1769 exagitabat,
683 1699 719 1754 ad
737 1717 818 1768 quem
835 1700 998 1769 capiundum

149 1779 261 1844 praeter
280 1780 448 1830 vetustatem
465 1777 584 1830 familiae
604 1776 657 1831 alia
676 1777 767 1830 omnia
785 1776 893 1830 abunde
911 1781 998 1845 erant,

149 1850 292 1916 industria,
305 1852 435 1921 probitas,
446 1852 560 1907 militiae
572 1868 672 1920 magna
682 1851 801 1919 scientia,
814 1852 920 1906 animus
932 1852 998 1907 belli

149 1927 251 1995 iugens,
277 1928 350 1981 domi
373 1928 502 1993 modicus,
522 1927 652 1982 lubidinis
676 1931 705 1981 et
729 1926 886 1981 divitiarum
904 1929 997 1995 victor,

149 2003 340 2057 tantummodo
359 2003 462 2070 gloriae
481 2005 584 2057 aridus.
620 2003 676 2058 Sed
695 2004 718 2057 is
740 2007 821 2058 natus
842 2007 998 2058 etomnam

148 2079 295 2146 pueritiam
310 2080 407 2147 Arpini
427 2078 506 2145 altus,
523 2080 571 2132 ubi
589 2080 708 2147 primum
726 2083 802 2133 aetas
818 2080 932 2134 militiae
950 2097 996 2149 pa

149 2153 221 2207 tiens
230 2154 290 2220 luit,
299 2153 442 2223 stipendiis
449 2155 589 2222 faciundis,
597 2172 651 2208 non
661 2156 767 2209 Graeca
774 2155 902 2209 facundia
909 2173 998 2224 neque

149 2229 261 2284 urbanis
272 2230 414 2285 munditiis
424 2248 484 2284 sese
494 2231 630 2296 exercuit;
647 2232 688 2284 ita
698 2232 771 2286 inter
784 2233 850 2285 artis
862 2231 947 2285 bonas
958 2234 997 2285 in·

149 2309 258 2373 tegrum
270 2307 497 2375 ingenium-brevi
509 2307 638 2363 adolevit.
674 2308 747 2375 Ergo
758 2306 807 2360 ubi
819 2308 937 2376 primum
948 2309 999 2362 tri·

150 2381 282 2435 bunatum
294 2383 440 2437 militarem
452 2400 469 2437 a
479 2385 580 2453 populo
592 2384 671 2453 petit,
682 2384 820 2453 plerisque
831 2384 929 2438 faciem
938 2384 998 2452 ejus

148 2458 343 2525 ignorantibus,
363 2458 442 2512 facile
459 2464 541 2513 notus
557 2477 609 2528 per
624 2461 711 2514 omnis
727 2460 815 2514 tribus
833 2459 996 2514 declaratur.

149 2533 256 2587 Deinde
268 2533 303 2587 ab
315 2551 348 2588 eo
359 2536 522 2603 magistratu
538 2536 621 2590 alium
636 2540 699 2605 post
714 2536 797 2590 alium
814 2535 865 2590 sibi
881 2539 997 2606 peperit,

149 2626 312 2679 semperque
330 2611 358 2664 in
377 2611 560 2679 potestatibus
582 2628 614 2666 eo
633 2611 714 2665 modo
737 2610 867 2679 agitabat,
889 2616 921 2665 ut
941 2629 998 2665 am-

148 2686 235 2754 pliore
254 2704 336 2756 quam
353 2688 471 2756 gerebat
489 2687 590 2756 dignus
607 2687 762 2742 haberetur.
797 2687 899 2750 Tamen
918 2688 942 2740 is
961 2688 999 2741 ad

148 2762 178 2816 id
198 2762 318 2817 locorum
338 2764 403 2818 talis
423 2765 472 2831 vir,
492 2780 555 2816 nam
576 2767 672 2832 postea
695 2761 844 2816 ambitione
867 2778 998 2832 praeceps

148 2837 230 2892 datus
242 2844 292 2904 cst,
303 2844 399 2909 pctore
413 2858 466 2894 non
479 2839 606 2893 audebat.
644 2839 794 2893 Etiamtum
814 2838 882 2892 alios
901 2840 999 2907 magis·

148 2917 238 2968 tratus
253 2916 355 2984 plebes,
371 2916 539 2970 consulatum
557 2915 685 2970 nobilitas
702 2916 775 2969 inter
790 2930 821 2968 sc
835 2930 887 2983 per
902 2931 999 2970 manus

147 2988 283 3045 tradebat.
320 2992 346 3044 N
348 3008 414 3047 orus
429 3008 510 3045 nemo
526 2995 584 3045 tam
600 2991 690 3046 clarus
705 3007 794 3060 neque
809 2994 868 3044 tam
879 2993 998 3060 egregiis

147 3064 228 3192 &ties
239 3071 307 3193 θὲιαι,
319 3068 385 3137 quin
396 3069 421 3122 is
432 3067 560 3136 indignus
570 3067 618 3121 illo
630 3066 733 3122 honore
745 3071 775 3121 et
786 3068 865 3136 quasi
876 3068 998 3136 pollutus

219 3157 249 3193 re
281 3160 303 3196 r.
