2275 3425
111 118 142 169 70
361 116 388 163 o,
407 104 582 164 sauinsrr
599 113 716 162 clusas
746 184 749 187 Ι
894 184 897 189 ⁴

111 206 205 250 tamen
216 195 314 249 incerti
327 195 456 263 quidnam
469 197 551 256 esset,
558 211 643 263 quum
655 195 754 247 natura
766 192 817 247 loci
831 198 889 246 tum
899 195 967 248 Colo*

111 275 164 339 ipsi
176 276 261 339 atque
273 271 350 338 signa
362 271 491 325 militaria.
502 270 741 325 obscurati—dein
756 269 834 323 brevi
846 273 970 339 cognitis

110 347 216 401 insidiis
231 348 371 416 paulisper
382 364 479 414 agmen
492 347 641 401 constituit.
676 347 721 400 Ibi
734 350 906 400 commutatis
918 364 961 400 or-

111 423 220 476 dinibus
231 424 261 477 in
275 423 391 477 dextero
408 423 502 490 latere,
517 423 591 491 quod
608 438 773 492 proxumum
792 423 879 476 hostis
893 429 960 491 erat,

111 499 265 568 triplicibus
288 499 418 553 subsidiis
441 500 526 552 aciem
547 499 686 566 instruxit,
710 499 783 551 inter
809 499 961 566 manipulos

110 576 264 630 funditores
276 580 306 630 et
323 576 478 643 sagittarios
493 575 629 644 dispertit,
642 574 796 644 equitatum
809 591 915 627 omnem
933 575 961 627 in

111 651 238 705 cornibus
254 653 333 719 locat,
346 670 378 706 ac
395 669 482 721 pauca
499 668 549 720 pro
566 655 691 721 tempore
708 651 810 705 milites
827 651 961 718 hortatus,

111 729 197 781 aciem
209 728 279 782 sicut
291 729 460 783 instruxerat
475 729 640 783 transvorsis
656 728 795 796 principiis
809 728 837 781 in
850 727 960 796 planum

111 803 232 857 deducit.

164 886 205 934 50.
241 880 296 934 Sed
314 879 362 933 nbi
380 881 514 933 Numidas
532 878 641 947 quietos
654 896 745 949 neque
761 880 829 934 colle
846 880 961 947 degredi

111 955 313 1023 animadvortit,
331 957 435 1010 veritus
453 974 487 1009 eu
504 956 567 1008 anni
580 958 705 1023 ternpore
720 959 750 1009 et
764 957 855 1025 inopia
866 973 961 1024 aquae,

112 1049 147 1085 ne
159 1022 204 1085 siti
217 1033 397 1086 conficeretur
408 1032 554 1095 exereitus,
562 1030 696 1084 Rutilium
707 1031 829 1099 legatum
841 1048 902 1085 eum
915 1049 961 1085 en-

112 1107 214 1174 peditis
226 1108 382 1179 cohortibus
391 1111 420 1162 et
431 1112 510 1176 parte
519 1109 642 1175 equitum
654 1109 795 1176 praemisit
807 1109 843 1160 ad
852 1109 961 1176 danaen,

112 1183 154 1236 uti
168 1183 256 1237 locum
270 1174 367 1238 cas'tris
381 1187 565 1254 antecaperet,
582 1185 751 1238 existumans
766 1184 852 1237 hostis
865 1185 961 1238 crebro

112 1259 217 1327 impetu
228 1266 258 1313 et
270 1261 433 1313 transvorsis
444 1260 554 1329 proeliis
565 1261 620 1313 iter
632 1276 711 1313 suum
723 1264 914 1326 remoraturos,
932 1265 962 1314 et

113 1336 239 1403 quoniam
251 1336 335 1390 armis
347 1336 510 1400 diffiderent,
519 1335 709 1390 lassitudinem
721 1337 834 1391 etsitim
844 1337 960 1390 militum

113 1415 303 1481 temptaturus.
346 1412 453 1466 Deinde
474 1413 534 1482 ipse
557 1428 608 1480 pro
632 1429 663 1466 re
688 1415 772 1481 atque
794 1413 859 1477 loeo,
881 1413 961 1467 sicuti
1034 1438 1039 1443 ·

113 1491 206 1541 monte
224 1489 411 1555 descenderat,
429 1489 560 1556 paulatim
583 1488 739 1557 procedere,
758 1489 876 1541 Marimn
897 1493 961 1558 post

112 1564 245 1632 principia
256 1563 365 1632 habere,
378 1565 438 1634 ipse
450 1581 511 1617 cum
528 1565 654 1617 sinistrae
668 1565 727 1617 alae
743 1564 881 1633 equitibus
893 1581 961 1632 esse,

114 1640 161 1706 qui
177 1640 205 1691 in
219 1641 326 1707 agmine
341 1640 478 1709 principes
492 1639 558 1692 facti
575 1643 659 1693 erant.
697 1641 739 1692 At
754 1641 772 1693 J
775 1640 900 1707 ugurtha,
912 1640 960 1693 nbi

114 1719 266 1769 extremum
287 1734 385 1784 agmen
402 1716 508 1770 Metelli
525 1717 628 1784 primos
646 1733 708 1770 suos
725 1719 961 1785 praetergressum

115 1792 196 1855 videt,
212 1792 348 1861 praesidio
366 1793 444 1860 qnasi
466 1792 551 1845 duum
569 1793 674 1845 milium
696 1793 822 1861 peditum
839 1796 960 1847 montem

114 1871 236 1936 occupat,
250 1885 304 1936 qna
316 1869 446 1923 Metellus
462 1868 651 1936 descenderat,
664 1885 699 1922 ne
714 1870 785 1922 sorte
799 1869 961 1923 cedentibus

115 1944 278 1998 advorsariis
296 1945 418 2014 receptui
430 1961 462 1998 ac
475 1948 539 2016 post
555 1946 725 1998 munimento
736 1945 823 2010 forem
842 1945 904 1998 dein
921 1962 961 1998 re-

114 2026 198 2089 pente
216 2021 292 2089 signo
309 2022 374 2075 dato
388 2021 474 2074 hostis
491 2022 603 2075 invadit.
639 2021 777 2075 Numidae
795 2022 840 2075 alii
856 2026 961 2090 postre-

114 2114 173 2150 mos
184 2097 306 2164 caedere,
314 2114 377 2165 pars
389 2114 405 2150 a
418 2097 527 2150 sinistra
539 2114 570 2150 ac
583 2097 699 2151 dextera
710 2101 854 2166 temptare,
863 2098 961 2151 infensi

115 2172 212 2226 adesse
223 2176 307 2241 atque
319 2175 429 2239 instare,
443 2173 568 2225 omnibus
580 2174 645 2226 locis
659 2174 841 2227 Romanorum
853 2174 962 2228 ordines

40 2270 46 2276 ·
115 2249 287 2313 conturbare,
300 2263 414 2315 quornm
432 2248 513 2300 etiarn
532 2248 579 2317 qui
597 2249 762 2302 firmioribus
776 2249 875 2302 animis
889 2250 961 2303 obvii

114 2324 240 2378 hostibus
256 2324 373 2390 fuerant,
395 2323 528 2378 ludificati
550 2325 655 2378 incerto
676 2325 788 2393 proelio,
806 2327 857 2394 ipsi
880 2326 962 2380 modo

115 2401 220 2453 eminus
238 2400 438 2469 sauciabantur,
453 2417 542 2469 neque
560 2405 655 2455 eontra
668 2401 791 2455 ‘feriundi
807 2406 855 2456 aut
870 2419 963 2457 conse-

115 2476 193 2529 rendi
210 2492 320 2529 manum
332 2478 410 2545 copia
424 2481 490 2530 erat.
527 2478 602 2530 Ante
617 2476 676 2545 jam
689 2478 762 2533 docti
775 2478 810 2531 ab
823 2478 842 2531 J
843 2479 963 2546 ugurtha

115 2553 230 2622 equites,
241 2551 395 2623 ubicunque
407 2554 591 2606 Romanorum
604 2558 695 2608 turma
707 2554 813 2623 insequi
825 2558 962 2624 coeperat,

115 2646 169 2682 non
182 2629 325 2682 confertim
337 2645 425 2698 neque
436 2629 465 2681 in
477 2646 560 2682 unum
573 2647 633 2684 sese
644 2630 819 2699 recipiebant,
833 2630 882 2684 sed
894 2631 963 2684 alius

116 2706 168 2758 alio
186 2722 267 2773 quam
284 2721 411 2758 maxume
429 2704 537 2759 divorsi.
574 2706 619 2760 lta
634 2723 747 2759 numero
761 2708 873 2775 priores,
886 2707 909 2759 si
927 2706 963 2760 ab

115 2781 303 2850 persequendo
321 2781 407 2836 hostis
425 2782 568 2835 deterrere
585 2783 772 2850 nequiverant,
786 2782 915 2850 disjectos
926 2781 963 2835 ab

116 2863 194 2924 tergo
218 2862 265 2911 aut
282 2858 414 2912 lateribus
431 2858 697 2923 circumveniebant3
723 2858 765 2910 sin
783 2858 963 2927 opportunior

116 2932 197 2999 fugae
209 2933 285 2987 collis
297 2952 378 3002 quam
390 2935 479 3004 campi
497 2934 596 3001 fuerat,
608 2950 641 2987 ea
656 2950 720 2987 vero
733 2934 855 2987 consueti
868 2934 893 2986 N
894 2934 963 2986 umi-

117 3007 214 3060 darum
225 3010 288 3077 equi
300 3012 379 3065 facile
394 3013 468 3064 inter
483 3010 602 3077 virgulta
618 3008 750 3075 evadere,
767 3015 874 3063 nostros
886 3025 963 3079 aspe

117 3083 184 3135 ritas
196 3086 225 3137 et
237 3085 380 3140 insolentia
391 3087 442 3140 loci
454 3085 599 3139 retinebat.

169 3164 211 3209 51.
230 3159 358 3213 Ceterum
370 3161 455 3216 facies
465 3161 552 3215 totius
563 3161 656 3230 negoti
668 3160 750 3228 varia,
759 3160 872 3228 incerta,
881 3159 964 3215 foeda
