2275 3425
491 128 698 179 susurrus.
818 175 821 180 ,
953 95 959 112 ’
987 132 1019 178 ⁶9

171 210 305 280 cognitus,
317 209 400 263 animi
411 210 581 278 popularium
593 208 730 278 temptati,
743 213 852 264 coaetus
864 225 955 263 rerum
973 227 1018 264 ne

170 287 337 343 cessitudine
348 287 447 340 statuit
459 287 540 339 armis
552 290 664 341 certare.
701 286 793 354 Igitur
805 285 946 353 explorato
958 286 1018 340 hos-

171 367 239 419 tium
248 364 347 418 itinere
358 364 385 416 in
399 382 475 432 spem
484 363 614 417 victoriae
623 363 760 418 adductus
770 382 802 417 ex
813 364 1019 432 opportunitate

170 441 228 509 loci,
248 455 330 508 quam
355 457 496 494 maxumas
517 446 609 510 potest
633 443 724 510 copias
742 442 862 496 omnium
885 458 1017 510 generum

170 521 291 585 paratae
309 532 358 583 per
375 517 500 571 tramites
518 519 637 572 occultos
655 519 806 573 exercitum
824 518 930 572 Metelli
942 522 1017 572 ante

170 594 251 647 venit
287 594 355 647 Erat
373 594 401 647 in
419 611 452 647 ea
467 598 547 663 parte
563 595 718 663 Numidiae,
735 612 815 663 quam
834 594 976 648 Adherbal
989 597 1017 648 in

170 668 301 724 divisione
321 669 489 739 possederat,
507 671 608 724 flumen
625 672 714 725 oriens
726 689 749 725 a
767 671 889 738 meridie,
907 671 1017 725 nomine

113 812 115 817 .
170 744 287 813 Muthul,
300 763 317 799 a
329 763 383 815 quo
395 746 491 800 aberat
505 764 582 801 moos
594 749 681 801 ferme
693 749 767 801 milia
778 764 907 816 passuum
919 747 1016 814 viginti

169 824 260 875 tractu
276 823 343 892 pari,
360 827 452 876 vastus
469 823 504 876 ab
522 828 621 878 natura
638 829 667 878 et
682 825 799 879 humano
813 825 903 887 cultu;
920 824 969 878 sed
982 842 1016 882 ex

169 913 202 950 eo
211 898 300 952 medio
312 899 391 967 quasi
403 900 478 953 collis
490 901 630 955 oriebatur
638 902 667 954 iu
677 901 837 954 immensum
849 901 1016 969 pertingens,

169 974 285 1028 vestitus
293 975 412 1029 oleastro
424 992 455 1029 ao
464 977 591 1045 myrtetis
600 977 713 1045 aliisque
725 976 872 1045 generibus
880 975 1015 1038 arborum,

169 1066 239 1116 quae
250 1050 326 1103 humi
337 1051 415 1104 arido
427 1055 510 1120 atque
519 1069 633 1106 arenoso
644 1054 801 1120 gignuntur.
819 1051 913 1104 Media
924 1054 1016 1105 autem

167 1125 294 1193 planities
307 1126 417 1180 deserta
431 1128 545 1196 penuria
560 1144 649 1195 aquae
663 1131 774 1195 praeter
788 1126 892 1178 flumini
909 1127 1017 1194 propin-

168 1218 223 1269 qua
239 1202 313 1267 loca3
335 1220 368 1255 ea
385 1202 490 1256 consita
506 1201 627 1256 arbustis
648 1218 747 1270 pecore
765 1204 849 1269 atque
867 1199 1017 1254 cultoribus

167 1277 420 1345 frequentabantur.

220 1359 261 1406 49.
297 1354 388 1421 Igitur
403 1354 431 1407 in
446 1369 479 1406 eo
493 1352 561 1406 colle
576 1368 658 1421 quem
673 1357 829 1406 transvorso
844 1352 942 1406 itinere
957 1370 1016 1422 por-

105 1466 109 1471 ·
169 1432 275 1482 rectum
288 1429 436 1495 docuimus,
447 1428 467 1480 J
469 1427 588 1495 ugurtha
603 1431 752 1481 extenuata
763 1444 873 1480 suorum
886 1429 942 1482 acie
954 1446 1016 1483 oon-

170 1503 251 1569 sedit,
266 1503 416 1572 elephantis
434 1507 463 1556 et
480 1503 552 1570 parti
570 1502 709 1571 copiarum
727 1503 897 1571 pedestrium
915 1504 1017 1558 Bomil-

169 1595 259 1632 earem
271 1579 402 1648 praefecit
411 1595 527 1646 eumque
536 1578 633 1631 edocet
643 1594 712 1646 quae
720 1582 815 1646 ageret
822 1600 829 1643 ;
841 1579 899 1647 ipse
907 1582 1017 1649 propior
1030 1610 1036 1619 -

169 1658 290 1708 montem
308 1671 368 1707 eum
386 1655 459 1706 omni
477 1654 602 1722 equitatu
618 1663 647 1706 et
662 1653 802 1723 peditibus
821 1654 934 1709 delectis
953 1673 1015 1710 suos

169 1731 288 1785 collocat.
318 1731 389 1784 Dein
402 1731 520 1798 singulas
532 1734 637 1783 turmas
650 1734 679 1784 et
695 1731 845 1799 manipulos
857 1732 1015 1787 circumiens

169 1811 362 1876 monet¹atque
377 1808 539 1873 obtestatur,
552 1806 593 1859 uti
608 1822 742 1860 memores
757 1807 889 1875 pristinae
906 1809 1016 1863 virtutis

169 1887 199 1937 et
224 1883 354 1938 victoriae
379 1900 439 1937 sese
465 1900 634 1951 regnumque
661 1900 739 1937 suum
769 1882 804 1936 ab
833 1884 1016 1939 Romanorum

169 1960 283 2014 avaritia
301 1959 464 2024 defendant3
482 1976 542 2012 oum
559 1959 602 2012 his
616 1963 754 2013 certamen
772 1960 839 2027 fore,
854 1977 922 2028 quos
935 1964 1016 2015 antea

169 2037 255 2089 victos
266 2036 317 2089 sub
325 2036 424 2105 jugum
436 2036 575 2100 miserint3
588 2035 685 2088 ducem
696 2035 751 2088 illis
763 2052 817 2088 non
829 2036 947 2089 animum
961 2053 1017 2089 mu-

168 2114 257 2166 tatum
266 2132 273 2177 ;
290 2129 360 2180 quae
377 2112 412 2165 ab
430 2112 597 2179 imperatore
615 2110 758 2164 decuerint
776 2112 865 2164 omnia
883 2112 938 2164 suis
955 2129 1017 2181 pro-

168 2188 233 2254 visa,
245 2187 334 2241 locum
350 2188 525 2257 superiorem,
541 2190 573 2240 ut
585 2186 736 2255 prudentes
751 2204 811 2240 eum
824 2188 965 2255 imperitis,
978 2205 1013 2241 ne

168 2265 381 2332 pauciores'eum
396 2264 519 2333 pluribus
535 2267 584 2317 aut
597 2262 680 2315 rudes
697 2279 758 2316 eum
772 2262 843 2317 bello
860 2263 1016 2317 melioribus

168 2356 278 2393 manum
295 2343 488 2404 consererent;
515 2337 629 2408 proinde
647 2338 735 2406 parati
754 2338 907 2408 intentique
925 2343 1017 2392 essent

169 2416 245 2483 signo
262 2415 328 2469 dato
349 2416 485 2469 Romanos
503 2414 651 2479 invadere3
676 2414 752 2466 illum
770 2414 843 2467 diem
862 2414 910 2469 au't
929 2415 1017 2467 onmis

169 2492 276 2546 labores
304 2496 333 2546 et
358 2492 486 2546 victorias
512 2491 736 2545 confirmaturum
759 2497 807 2543 out
829 2506 1016 2544 maxumarum

170 2584 359 2621 aerumnarum
371 2569 478 2621 initium
490 2568 555 2620 fore.
587 2566 634 2620 Ad
645 2567 696 2620 hoc
708 2566 818 2632 viritim,
827 2567 868 2619 uti
881 2581 1018 2633 quemque

170 2643 206 2697 ob
221 2644 340 2698 militare
354 2644 457 2697 facinus
474 2642 590 2711 pecunia
606 2646 654 2696 aut
670 2642 772 2695 honore
787 2641 931 2707 extulerat,
945 2657 1018 2693 eom-

170 2720 339 2773 monelacere
356 2719 471 2773 benefici
489 2719 530 2772 sui
549 2723 580 2773 et
598 2735 659 2771 eum
678 2718 767 2785 ipsum
785 2717 844 2768 aliis
862 2719 1019 2778 ostentare;

170 2799 308 2863 postremo
329 2812 380 2863 pro
398 2796 530 2864 cujusque
551 2795 659 2861 ingenio
682 2790 841 2862 pollicendo,
859 2788 1018 2855 minitando,

172 2870 341 2938 obtestando,
363 2871 446 2923 alium
469 2871 522 2923 alio
544 2869 626 2923 modo
648 2867 777 2932 excitare,
802 2881 885 2932 quum
908 2863 1018 2917 interim

172 2946 301 3000 Metellus
313 2946 424 3014 ignarus
440 2946 559 2999 hostium
577 2947 671 2997 monte
689 2939 852 3008 degrediens
864 2955 925 2992 cum
944 2955 1021 2992 exer-

172 3022 229 3075 citu
247 3021 418 3090 conspicitur,
434 3021 522 3089 primo
540 3018 646 3083 dubius,
665 3016 794 3084 quidnam
813 3013 920 3065 insolita
937 3013 1020 3065 facies

173 3097 429 3151 ostenderet-nam
444 3096 516 3147 inter
532 3092 651 3158 virgulta
669 3089 733 3156 equi
749 3086 939 3152 Numidaeque
957 3102 1015 3138 con·

173 3172 309 3238 sederam,
321 3189 409 3240 neque
426 3170 506 3238 plane
524 3165 652 3220 occultati
670 3159 824 3215 humilitate
841 3159 977 3224 arborum,
990 3160 1020 3209 et
