2275 3425
125 124 157 197 ιι
369 146 397 193 c.
416 144 591 194 sauausrr
608 144 725 192 cursui

125 223 305 278 nihiladvos.
333 224 438 277 Verum
449 239 520 277 nunc
532 228 655 278 vostrum
667 241 782 293 regnum
793 225 877 279 armis
888 228 973 292 tenet,
1068 274 1072 280 .

124 318 177 368 me,
191 316 271 368 quem
286 316 333 352 ros
350 300 543 367 imperatorem
560 301 688 354 Numidis
704 302 841 370 posuistis,
853 301 973 355 clausum

123 377 248 442 obsidet3
264 375 416 444 legatorum
435 376 519 429 verba
538 377 634 445 quanti
655 378 752 431 fecerit
772 378 895 448 pericula
913 395 974 431 mea

124 454 275 508 declarant.
312 452 384 516 Quid
401 452 545 520 reliquum,
558 454 610 506 nisi
630 455 670 507 ris
685 458 786 521 vostra,
798 472 852 524 quo
870 456 974 509 moveri

123 530 227 601 possiti
263 529 336 581 Nam
355 544 406 596 ego
421 528 533 596 quidem
547 530 644 583 vellem
663 534 692 584 et
710 530 776 584 baec
794 547 866 599 quae
877 531 975 597 scribo,

124 611 154 662 et
172 607 219 661 illa
237 621 308 673 quae
321 608 403 659 antea
419 604 447 658 ιιι
465 609 563 659 senatu
582 611 697 675 questus
714 623 783 675 sum,
795 624 864 660 vana
882 608 975 662 forent

123 685 216 752 potius
239 696 320 750 quam
343 681 453 734 miseria
474 697 535 735 mea
555 681 640 736 fidem
661 683 752 736 verbis
773 683 884 737 faceret.
919 684 975 738 Sed

124 760 251 827 quoniam
266 774 298 812 eo
316 761 470 811 natussum
489 767 520 811 ut
537 757 694 826 iugurthae
707 759 840 812 scelerum
853 761 972 814 ostentui

123 852 219 900 essem,
232 850 286 887 non
301 833 362 901 jam
378 836 496 886 mortem
514 850 603 902 neque
620 851 771 902 aerumnas,
784 837 974 891 tautummodo

123 912 225 965 inimici
236 911 380 980 imperium
393 913 423 963 et
435 910 572 963 cruciatus
583 912 704 978 corporis
716 911 859 980 deprecor.
878 911 973 981 Regno

124 988 277 1054 Numidiae,
290 986 363 1054 quod
375 982 496 1038 vostrum
509 990 559 1052 cst,
573 987 614 1039 uti
626 987 710 1054 lubet,
723 988 870 1052 consulite3
883 1005 926 1041 me
938 1005 973 1041 ex

123 1066 249 1119 manibus
260 1065 350 1131 impiis
362 1062 460 1130 eripite
477 1078 528 1130 per
539 1062 713 1130 majestatem
731 1064 836 1132 imperi,
847 1080 898 1133 per
909 1065 973 1117 ami-

124 1143 203 1196 citiae
215 1141 306 1202 fidem,
319 1139 343 1192 si
354 1139 410 1192 ulla
428 1137 503 1207 apud
520 1153 568 1191 vos
580 1139 711 1192 memoria
722 1144 846 1194 remanet
858 1140 902 1194 avi
919 1142 974 1199 mei

124 1216 308 1272 Masinissae.”

177 1301 218 1348 25.
254 1294 307 1347 His
329 1291 431 1346 litteris
453 1291 578 1345 recitatis
600 1293 678 1347 fuere
701 1293 748 1361 qui
773 1293 922 1347 exercitum
945 1292 974 1347 iu

126 1371 248 1425 Africam
262 1367 426 1422 mittendum
439 1371 591 1433 censerent,
603 1373 632 1421 et
645 1385 728 1436 quam
739 1369 857 1437 primum
867 1369 974 1422 Adher-

124 1448 178 1501 bali
191 1444 423 1508 subvenimrduu13
441 1442 477 1496 de
490 1444 508 1495 J
510 1442 631 1510 ugurtha
645 1444 756 1497 interim
768 1444 809 1497 uti
821 1445 974 1499 consulere-

124 1531 177 1590 tur,
190 1522 318 1591 quouiam
335 1520 432 1587 legatis
446 1536 500 1572 non
519 1520 676 1590 paruisset..
698 1519 754 1574 Sed
768 1520 804 1573 ab
815 1521 902 1574 isdem
920 1521 975 1575 illis

125 1599 197 1667 regis
208 1596 361 1651 fautoribus
373 1611 479 1648 summa
494 1612 546 1665 ope
563 1596 675 1663 enisum,
688 1613 724 1649 nc
741 1595 820 1666 [talc]
831 1596 973 1651 decretum

126 1676 211 1729 fieret
249 1674 294 1728 Ita
312 1672 411 1726 bonum
431 1671 576 1741 publicum,
595 1675 628 1726 ut
650 1673 679 1727 ιιι
697 1672 836 1743 plerisque
859 1674 974 1742 negotiis

124 1754 202 1819 solet,
214 1751 321 1820 privata
332 1750 422 1817 gratia
434 1748 578 1802 devictum.
601 1749 742 1817 liegautur
752 1753 846 1803 tamen
858 1751 886 1803 ιιι
899 1749 974 1803 Afri-

125 1846 184 1883 cam
197 1828 313 1895 majores
325 1829 374 1879 nat
412 1823 524 1892 nobiles,
537 1826 635 1893 amplis
647 1826 794 1879 honoribus
805 1826 862 1891 usi;
873 1826 901 1879 in
913 1827 975 1893 quis

124 1906 178 1958 fuit
190 1905 228 1958 M.
242 1905 367 1968 Scaurus,
373 1842 416 1954 be
429 1918 482 1969 quo
500 1917 584 1972 supra
596 1901 812 1967 memoravimus,
825 1902 974 1956 consularis

125 1985 154 2035 et
167 1985 226 2034 tum
238 1981 265 2032 iu
279 1981 375 2032 senatu
387 1977 520 2046 princeps.
550 1977 595 2043 Hi,
609 1977 684 2045 quod
696 1978 779 2030 resin
792 1977 894 2031 iuvidia
906 1982 973 2046 erat,

125 2058 203 2111 simul
217 2059 246 2110 et
257 2055 293 2109 ab
306 2052 433 2107 Numidis
450 2052 593 2117 obsecrati,
606 2052 698 2105 triduo
716 2053 805 2105 navim
818 2053 974 2121 ascendere,

125 2134 190 2187 dein
202 2131 279 2186 brevi
292 2130 401 2184 Uticam
420 2127 526 2196 appulsi
546 2128 654 2181 litteras
670 2127 706 2181 ad
724 2128 893 2196 Jugurtham
910 2129 975 2183 mit
1012 2193 1018 2200 ὓ

27 2213 29 2217 ’
126 2216 194 2272 tuat,
208 2223 289 2277 quam
309 2205 441 2258 ocissume
459 2202 496 2256 ad
512 2204 678 2272 provinciam
697 2204 818 2271 accedat,
837 2222 920 2274 seque
938 2205 975 2258 ad

125 2301 187 2339 eum
200 2284 235 2337 ab
248 2284 345 2336 senatu
357 2280 459 2332 missos.
496 2278 548 2332 Ille
560 2279 607 2332 ubi
620 2281 727 2349 accepit
745 2280 867 2334 homiues
879 2281 974 2347 claros,

83 2353 85 2356 ’
125 2377 241 2429 quorum
260 2356 452 2411 auctoritatem
472 2354 576 2409 Rodiae
594 2355 697 2425 pollere
715 2356 866 2421 audiverat,
879 2361 975 2411 eontra

125 2438 263 2505 inceptum
284 2450 361 2486 suum
380 2432 492 2495 venisse,
513 2432 600 2499 primo
625 2436 777 2485 commotus
796 2436 976 2501 metuatque

125 2512 248 2566 lubidine
261 2510 385 2564 divorsus
397 2508 561 2574 agitabatur.
597 2507 723 2561 Timebat
734 2508 803 2561 iram
816 2513 935 2577 senatus,
943 2511 984 2563 ‘ui'

125 2589 261 2658 paruisset
278 2585 390 2652 legatis;
408 2600 488 2651 porro
506 2584 612 2637 animus
629 2584 756 2652 cupidine
771 2600 866 2638 caecus
881 2586 917 2638 ad
935 2586 976 2639 in-

125 2669 235 2733 ceptum
252 2661 339 2716 scelus
358 2660 488 2728 rapiebat.
524 2659 600 2714 Vicit
618 2663 710 2713 tamen
722 2661 750 2713 in
767 2654 848 2714 avido
866 2661 976 2729 ingenio

125 2757 239 2810 pravum
255 2738 401 2792 coralium.
438 2737 529 2804 igitur·
543 2736 666 2788 exercitu
685 2737 851 2790 circumdato
870 2755 998 2792 summa.

125 2818 153 2870 ιι
173 2817 276 2870 Cirtam
293 2814 445 2881 irrumpere
465 2813 568 2876 nititur,
588 2827 715 2865 maxume
733 2828 845 2881 sperans
863 2813 977 2867 diducta

126 2910 209 2945 ruauu
225 2890 344 2944 bostium
363 2892 411 2942 aut
428 2889 454 2940 ιι
471 2892 519 2942 aut
537 2887 606 2939 dolis
619 2903 679 2940 sese
691 2905 783 2942 casum
795 2890 924 2942 victoriae
935 2890 977 2942 iu-

127 2972 278 3021 ventmum.
315 2965 394 3031 Quod
406 2964 454 3016 ubi
467 2981 543 3017 secus
561 2963 686 3032 procedit
698 2980 787 3033 neque
802 2966 875 3032 quod
887 2966 977 3019 inteu-

128 3044 208 3097 derat
220 3042 325 3095 efficere
344 3044 436 3110 potest
454 3044 486 3093 ut
504 3040 581 3108 prius
600 3055 681 3107 quam
696 3039 801 3108 legatos
819 3042 977 3096 conveniret

95 3154 97 3158 «
130 3117 296 3172 Adherbalis
319 3118 461 3186 potiretur,
485 3132 520 3168 ne
543 3114 660 3182 amplius
684 3117 814 3170 morando
836 3118 976 3189 Scaurum,

129 3210 211 3262 quem
221 3193 377 3261 plurumum
389 3190 538 3258 metuebat,
547 3189 715 3259 incenderet,
723 3208 785 3246 cum
797 3194 891 3262 paucis
900 3195 977 3263 equi·

1115 3285 1126 3396 ,
