2275 3425
480 118 687 168 JUGURTHA.
975 117 1011 165 53

160 196 274 265 penuria
282 197 439 263 liberorum,
452 200 479 253 iu
492 216 606 267 regnum
617 198 779 266 adoptatum
791 214 866 263 esse;
883 199 1006 252 ceterum

76 274 79 280 '
160 289 214 340 quo
226 274 305 342 plura
316 273 385 347 bene
399 280 483 344 atque
496 280 607 329 strenue
619 275 735 342 fecisset,
748 291 780 328 eo
792 274 910 327 animum
927 288 1006 325 suum

158 348 286 416 injuriam
303 352 392 404 minus
410 351 542 417 tolerare;
567 350 750 422 Adherbalem
767 350 836 403 dolis
852 350 924 403 ritae
941 364 1007 402 suae

158 423 332 491 insidiatum
350 428 425 496 quod
441 427 489 499 ubi
501 424 692 501 comperisset,
709 427 804 481 sceleri
821 425 881 495 ejus
898 424 1006 478 obviam

158 500 225 567 isse;
244 503 373 571 populum
392 505 544 558 Romanum
561 502 651 574 neque
669 507 744 557 recte
760 520 849 572 neque
866 519 917 571 pro
934 500 1006 553 bono

157 576 339 646 facturum‚'si
356 580 392 633 ab
403 576 468 648 jure
483 574 608 649 g'entium
623 598 682 634 sese
698 580 885 649 prohibuerit;
902 582 1007 647 postre-

156 669 202 707 mo
214 654 250 708 de
262 655 388 710 omuibus
401 657 485 710 rebus
498 657 604 725 legatos
617 657 730 711 Romam
746 656 824 711 brevi
838 655 1006 710 missurum.”

158 729 204 782 lta
217 732 328 800 utrique
342 727 541 801 digrediuntur.
578 733 746 788 Adherbalis
756 732 914 811 appellandi
929 732 1007 798 copia

156 823 210 859 nou
222 807 280 862 fuit.
320 840 322 845 .

209 889 249 937 23.
286 884 305 936 J
307 885 425 951 ugurtha
442 884 490 939 ubi
508 902 554 939 eos
572 885 667 938 Africa
685 886 841 940 discessisse
858 888 936 938 ratus
953 885 1005 950 est,

156 976 245 1027 neque
265 964 380 1029 propter
398 961 451 1014 loci
471 965 598 1015 naturam
619 961 723 1015 Cirtam
746 962 829 1015 armis
849 977 1006 1030 expugnare

155 1039 256 1105 potest,
275 1037 344 1090 vallo
363 1041 446 1106 atque
462 1039 535 1091 fossa
555 1037 663 1091 moenia
680 1038 838 1105 circumdat,
857 1037 942 1091 turris
961 1054 1007 1089 cn-

156 1112 239 1166 struit
251 1129 352 1181 easque
365 1113 509 1181 praesidiis
524 1113 623 1181 firmat,
635 1117 781 1181 praeterea
792 1113 851 1166 dies
865 1113 1007 1180 noctisque

156 1191 204 1241 aut
219 1205 270 1256 per
285 1188 403 1242 rimant
419 1189 490 1242 dolis
506 1193 652 1258 temptare,
667 1189 855 1242 defensoribus
871 1189 1007 1242 moenium

155 1264 277 1331 praemia
294 1264 383 1329 modo,
395 1264 483 1318 *modo
501 1264 676 1317 formidinem
695 1267 843 1331 ostentare,
862 1281 925 1317 suos
945 1264 1007 1317 hor-

155 1341 241 1393 tando
267 1339 303 1392 ad
326 1341 458 1394 virtutem
482 1338 606 1407 erigere,¹
620 1355 732 1408 prorsus
760 1340 882 1393 intentus
909 1338 1007 1393 cuncta

155 1432 260 1484 parare.
303 1415 446 1469 Adherbal
466 1415 514 1469 ubi
534 1416 671 1483 intellegit
691 1416 778 1468 omnis
800 1432 862 1468 suas
884 1416 1007 1469 fortunas

156 1491 184 1544 iu
201 1494 324 1549 extremo
340 1493 414 1554 sitas,
426 1492 535 1545 hostem
551 1492 688 1559 infestum,
704 1491 787 1545 auxili
805 1509 881 1560 spem
896 1491 1006 1557 nullam,

156 1568 270 1635 penuria
282 1584 373 1620 rerum
386 1569 599 1621 necessariarum
611 1567 713 1621 bellum
725 1568 798 1622 trahi
810 1585 863 1621 non
875 1584 962 1636 posse,
972 1585 1006 1622 ex

156 1642 190 1695 iis
206 1643 253 1712 qui
269 1659 323 1695 una
336 1643 440 1697 Cirtam
455 1643 635 1712 profugerant
652 1644 720 1697 duos
736 1661 863 1698 maxume
876 1644 1006 1713 impigros

156 1718 275 1789 delegit3
293 1736 340 1772 eos
351 1720 438 1774 multa¹
449 1720 602 1789 pollicendo
613 1736 645 1774 ac
656 1721 811 1775 miserando
823 1738 915 1774 casum
927 1738 1006 1775 suum

155 1796 300 1850 confirmat
317 1797 358 1849 uti
374 1814 423 1865 per
440 1796 559 1851 hostium
575 1796 740 1851 munitiones
758 1801 841 1854 noctu
854 1798 891 1851 ad
906 1814 1006 1867 proxu-

155 1888 230 1930 mum
249 1888 331 1940 mare,
350 1873 414 1926 dein
434 1873 549 1927 Romam
566 1878 722 1943 pergerent.
749 1871 896 1928 §tumidae
912 1876 1006 1944 paucis

156 1948 254 2002 diebus
272 1947 352 2016 jussa
373 1950 494 2003 efficiunt
501 1971 507 2015 ;
534 1949 645 2004 litterae
668 1950 834 2004 Adherbalis
857 1951 885 2003 in
909 1954 1006 2005 senatu

155 2025 296 2093 recitatae,
309 2043 424 2093 quarum
437 2027 574 2080 sententia
585 2027 653 2081 haec
664 2027 730 2081 fuit:

208 2107 248 2154 24.
284 2103 298 2128 ‘⁶
311 2102 374 2155 Non
392 2119 453 2155 urea
473 2102 553 2170 eulpa
572 2119 654 2172 saepe
672 2102 708 2156 ad
727 2119 776 2156 vos
791 2105 899 2156 oratum
917 2102 1006 2170 mitto,
1039 2141 1044 2145 -

155 2180 249 2245 patres
261 2179 413 2246 conscripti,
426 2178 476 2231 sed
487 2179 529 2231 ris
540 2179 559 2231 J
561 2179 699 2246 ugurthac
712 2178 825 2248 subigit,
835 2196 917 2247 quem
929 2182 1007 2233 tauta

155 2252 250 2306 lubido
262 2254 454 2322 exstinguendi
466 2272 511 2308 me
522 2255 631 2324 invasit,
637 2259 670 2309 ut
681 2272 771 2325 neque
782 2272 830 2310 vos
840 2272 930 2324 neque
940 2256 1007 2309 deos

157 2329 319 2383 immortalis
336 2331 365 2383 iu
388 2330 477 2383 animo
501 2330 609 2398 habeat,
630 2332 789 2399 sangninem
813 2348 905 2385 meum
924 2348 1007 2400 quam

156 2406 247 2458 omnia
264 2405 349 2460 malit.
385 2408 486 2475 Itaque
505 2408 631 2475 quintmn
649 2407 708 2474 jam
727 2424 850 2461 alensem
870 2408 959 2461 socius
978 2412 1008 2460 et

156 2482 257 2535 amicus
281 2481 374 2551 populi
399 2483 515 2535 Romani
538 2483 622 2536 armis
645 2483 772 2538 obsessus
795 2487 899 2550 teneor,
918 2500 1008 2552 neque

157 2558 223 2611 mihi
236 2559 367 2627 Micipsae
379 2559 466 2628 patris
477 2560 531 2612 mei
544 2559 677 2613 beneficia
688 2577 778 2629 neque
789 2565 882 2613 vostra
894 2560 1007 2613 decreta

156 2634 335 2700 auxiliantur·;
353 2635 426 2688 ferro
439 2652 473 2688 an
485 2635 556 2689 fame
568 2636 658 2688 acrius
670 2653 790 2704 urguear
806 2636 927 2689 incertus
939 2651 1007 2688 sum.

158 2709 241 2762 Plura
252 2710 287 2763 de
299 2710 319 2762 J
320 2711 439 2778 ugurtha
451 2711 570 2765 scribere
582 2711 746 2766 dehortatur
754 2729 798 2765 me
810 2712 921 2765 fortuna
932 2727 1009 2774 mer;

157 2786 260 2853 etjam
279 2789 361 2856 antea
380 2791 512 2855 expertus
530 2805 590 2841 sum
611 2805 707 2857 parum
727 2787 792 2840 fidei
811 2782 920 2841 miseris
939 2802 1007 2851 esse,

158 2862 209 2914 uisi
221 2866 313 2917 tamen
328 2862 459 2930 intellego
474 2863 550 2916 illum
567 2879 650 2933 supra
668 2880 750 2933 qoam
763 2879 814 2929 ego
832 2878 892 2915 sum
904 2865 1008 2929 petere,

158 2954 246 3004 neque
255 2938 334 2991 simul
341 2938 488 2991 amicitiam
498 2941 618 2992 vostram
628 2943 656 2992 ot
666 2953 779 3006 regnum
787 2954 879 2990 meum
890 2954 1008 3005 sperare.

158 3014 260 3068 Utrum
278 3015 386 3082 gravim
406 3015 554 3067 existumet
572 3015 674 3066 nemini
693 3012 829 3065 occultum
849 3015 899 3065 est.
936 3011 1008 3063 Nam

158 3090 237 3144 initio
255 3090 355 3144 oceidit
375 3090 568 3157 Hiempsalem,
588 3089 701 3141 fratrem
721 3103 818 3149 meum,
836 3087 898 3140 dein
917 3085 1009 3153 patrio

158 3186 244 3238 reguo
262 3185 307 3222 me
327 3167 449 3236 expulit;
470 3181 540 3233 quae
557 3180 623 3217 sane
643 3162 745 3215 fuerint
763 3164 874 3214 nostrae
891 3161 1008 3228 injuriae
