2275 3425
470 119 678 170 JUGURTHA.
968 124 998 175 79

201 206 242 256 64.
280 200 371 268 Igitur
388 198 436 253 ubi
458 200 562 253 Marius
581 199 731 267 hamspicis
751 199 826 254 dicta
845 199 942 254 eodem
960 201 999 253 in-

148 277 264 330 tendere
275 275 359 342 videt,
375 291 429 344 quo
445 275 543 344 cupido
558 276 640 328 animi
656 275 826 340 hortabatur,
839 275 874 328 ab
886 275 1000 329 Metello

54 387 58 390 >
148 351 264 421 petundi
283 351 373 418 gratia
390 351 546 404 missionem
566 355 651 417 rogat.
689 351 740 404 Cui
762 366 926 419 quamquam
946 351 1000 404 rir-

149 430 202 494 tus,
215 426 302 493 gloria
316 429 400 494 atque
417 426 471 478 alia
486 425 607 493 optanda
622 425 699 479 bonis
716 425 890 495 superabant,
907 429 1000 480 tamen
1081 464 1083 469 .

149 502 238 556 inerat
255 503 426 569 contemptor
441 502 546 553 animus
559 504 588 553 et
601 501 736 568 superbia,
752 518 893 556 commune
907 501 1002 555 nobili-

150 578 216 631 tatis
228 576 336 630 malum.
373 576 604 644 ltaqueprimum
619 582 770 630 commotus
788 577 898 631 insolita
909 593 940 631 re
952 578 1001 630 mi-

149 653 205 706 rari
223 651 283 721 ejus
301 652 450 720 consilium,
468 655 498 705 et
516 651 595 720 quasi
612 669 664 720 per
680 653 825 706 amicitiam
843 669 955 706 monere
966 669 1001 708 ne

150 733 207 783 tam
238 744 322 797 prava
351 728 493 796 inciperet,
524 744 579 781 neu
611 745 693 796 super
720 729 858 782 fortunam
882 728 1001 781 animum

106 856 109 860 .
150 806 274 871 gereret3
300 820 354 856 non
379 804 468 857 omnia
494 803 619 858 omnibus
640 805 777 873 cupiunda
800 820 875 869 esse;
899 804 1002 857 debere

150 880 189 933 illi
208 896 253 932 res
273 896 336 932 suas
357 880 423 933 satis
442 879 565 947 placere3
583 884 721 948 postremo
733 883 843 934 caveret
858 879 888 932 id
906 880 1004 948 potere

151 955 278 1024 apopulo
291 955 420 1022 Romano,
434 956 509 1023 qued
527 954 566 1010 illi
583 955 647 1022 jure
661 960 816 1023 negaretur.
854 955 1002 1025 Postquam

151 1030 217 1083 haec
229 1033 314 1098 atque
325 1030 378 1083 alia
390 1031 457 1085 talia
472 1032 550 1097 dixit,
564 1047 655 1098 neque
672 1031 777 1084 animus
792 1031 864 1084 Mari
875 1031 1002 1099 flectitur,

151 1105 292 1174 respondit
314 1105 363 1159 ubi
387 1107 505 1175 primum
529 1106 665 1173 potuisset
688 1122 737 1174 per
760 1107 871 1174 negotia
894 1106 1004 1174 publica

150 1182 286 1235 facturum
299 1198 359 1235 sese
371 1198 442 1250 quae
456 1184 570 1249 peteret.
607 1181 651 1234 Ao
669 1185 767 1249 postea
783 1182 889 1248 saepius
906 1181 1003 1234 eadem

151 1257 301 1326 postulanti
317 1257 407 1310 fertur
424 1256 533 1322 dixisse,
545 1273 581 1309 ne
597 1256 743 1311 festinaret
757 1256 848 1320 abire3
871 1256 938 1309 satis
949 1273 1005 1309 ma·
1074 1272 1077 1275 ·

134 1337 214 1387 ⁴ture
235 1332 311 1386 illum
327 1348 389 1385 cum
404 1331 461 1384 filio
480 1347 528 1384 suo
545 1333 716 1385 consulatum
732 1333 889 1400 petiturum.
926 1331 1004 1405 Iseo

153 1402 278 1477 tempore
289 1407 466 1460 contubernio
482 1406 569 1475 patris
588 1406 690 1460 ibidem
708 1406 846 1460 militabat
862 1423 946 1460 annos
958 1423 1004 1459 na-

152 1488 199 1537 tus
211 1483 319 1536 circiter
330 1482 442 1549 viginti3
460 1499 531 1551 quae
547 1498 592 1536 res
610 1483 728 1535 Marium
745 1500 829 1551 quum
841 1498 890 1551 pre
903 1482 1005 1535 honore

153 1558 235 1627 quem'
253 1556 413 1625 affectabat,
426 1561 484 1612 tum
504 1562 599 1611 contra
618 1558 761 1611 Metellum
773 1558 950 1611 vehementer
961 1573 1005 1611 ac-

152 1633 291 1687 cenderat.
327 1633 516 1707 Itacupidine
534 1638 617 1702 atque
635 1634 677 1685 ira
694 1634 827 1701 pessumis
846 1633 1005 1688 consultori-

153 1707 205 1763 bus
223 1710 349 1784 grassari,
371 1727 461 1780 neque
480 1710 554 1764 facto
573 1710 628 1763 ullo
654 1727 744 1779 neque
765 1710 838 1764 dicto
859 1709 1005 1773 abstinero,

154 1787 228 1855 quod
240 1787 321 1840 modo
333 1786 506 1840 ambitiosum
518 1787 604 1851 foret;
621 1787 723 1840 milites
736 1787 834 1853 quibus
846 1786 873 1839 in
886 1785 1006 1838 hibernis

153 1867 280 1930 praeerat
295 1862 398 1915 laxiore
414 1862 528 1931 imperio
548 1878 631 1931 quam
649 1856 858 1928 anteahabere,³
868 1861 941 1930 apud
957 1877 1003 1915 ne

153 1936 310 2004 gotiatores,
323 1954 438 2006 quorum
452 1954 551 2010 magna
562 1937 711 1991 multitudo
724 1932 822 1993 Uticae
835 1933 906 2002 erat,
918 1937 1006 1991 crimi-

137 2028 219 2066 nose
238 2012 317 2065 simul
335 2016 365 2066 et
383 2013 526 2081 magnifice
546 2014 582 2065 de
604 2012 675 2066 bello
691 2013 781 2081 loqui:
807 2013 921 2067 dimidia
941 2030 1005 2082 pars

154 2088 291 2142 exercitus
312 2089 335 2141 si
354 2088 405 2141 sibi
429 2089 645 2157 permitteretur,
664 2090 756 2157 paucis
780 2090 878 2143 diebus
902 2089 1006 2158 lugur-

154 2164 230 2218 tham
254 2165 283 2216 iu
307 2165 410 2217 eatenis
433 2163 606 2231 habiturum
637 2164 672 2218 ab
695 2165 860 2233 imperatore
883 2166 1007 2219 consulto

114 2243 118 2250 '
154 2240 234 2307 trahi,
255 2239 329 2309 quod
353 2239 433 2292 homo
453 2241 589 2294 inauis'et
609 2241 700 2308 regiae
724 2241 869 2311 superbiae
889 2241 1006 2310 imperio

153 2315 233 2368 nimis
249 2314 390 2382 gauderet.
427 2315 502 2379 Quae
519 2315 611 2369 omnia
627 2315 681 2369 illis
698 2332 731 2370 eo
747 2317 869 2370 firmiora
880 2316 1008 2370 videban-

154 2395 208 2457 tur,
227 2390 302 2458 quod
320 2390 504 2444 diuturnitate
522 2390 587 2444 belli
604 2407 650 2445 res
664 2392 805 2446 familiaris
821 2393 1006 2461 corruperant,

155 2469 184 2519 et
195 2467 284 2519 auimo
295 2466 416 2534 cupienti
428 2466 495 2519 nihil
507 2467 575 2520 satis
586 2467 739 2521 festinatur.

207 2548 248 2596 65.
279 2542 347 2595 Erat
358 2545 504 2608 praeterea
521 2542 549 2594 in
566 2542 688 2596 exercitu
704 2546 798 2596 nostro
814 2541 937 2595 Numida
948 2541 1008 2609 qui-

155 2616 227 2685 dam,
257 2619 366 2671 nomine
392 2618 496 2685 Gauda,
523 2616 720 2671 Mastanabalis
745 2618 824 2685 filius,
847 2616 1008 2670 Masinissae

155 2709 246 2761 nepos,
270 2710 352 2762 quem
376 2693 492 2762 Micipsa
513 2696 679 2747 testamento
705 2693 853 2746 secundum
877 2690 1007 2744 heredem

156 2768 309 2835 scripserat,
325 2768 428 2822 morbis
445 2769 584 2823 confectus
599 2772 629 2822 et
645 2768 681 2821 ob
697 2784 757 2821 eam
774 2781 897 2820 caussam
914 2766 1007 2817 mente

155 2843 266 2910 paulum
285 2844 435 2898 imminuta.
471 2844 520 2897 (lui
540 2844 670 2897 Metellus
689 2843 795 2911 petenti
814 2856 889 2893 more
909 2854 1005 2906 regum

155 2923 188 2970 ut
205 2919 299 2971 sellam
314 2919 397 2988 juxta
414 2923 537 2989 poneret,
555 2920 622 2972 item
641 2922 744 2987 postea
756 2915 895 2969 custodiae
913 2930 1008 2968 caussa

156 2997 276 3047 turmam
299 2995 423 3063 equitum
454 2994 646 3059 Romanorum,
673 2995 821 3057 utrumque
851 2987 1007 3054 negaverat,

156 3067 295 3137 honorem,
316 3071 390 3138 quod
411 3084 505 3123 eorum
528 3068 610 3120 modo
633 3066 704 3118 foret
728 3080 796 3131 quos
816 3063 932 3131 populus
954 3061 1009 3112 Re

156 3160 254 3198 manus
270 3162 349 3213 reges
368 3142 568 3213 appellavisset,
585 3137 760 3207 praesidium,
778 3135 852 3203 quod
870 3138 1010 3189 contume-
