2275 3425
480 142 664 192 CATILINA.
975 152 998 190 ‘a

148 225 177 281 C.
191 225 287 295 Figulo
302 224 465 292 consulibus,
482 223 571 293 primo
587 223 707 292 singulos
722 225 874 294 appellare3
892 227 996 281 hortari

146 302 221 368 alios,
236 302 303 355 alios
319 305 470 370 temptare;
488 316 554 368 opes
570 316 640 366 suas,
658 300 820 367 imparatam
836 318 895 354 rem
910 303 1007 371 publi,

147 393 215 444 cam,
234 394 332 445 magna
352 377 474 445 praemia
494 375 689 444 conjurationis
709 376 816 429 docerc.
852 376 908 431 Ubi
930 379 997 431 satis

147 454 291 522 explorata
309 456 374 507 suut
393 469 464 520 quae
484 452 577 520 voluit,
598 452 626 505 in
647 468 730 505 unum
751 453 839 505 omnis
859 458 996 519 convocat,

48 549 55 579 .'
148 528 246 598 quibus
262 545 390 582 maxuma
405 527 579 581 necessitudo
594 532 623 581 ct
639 527 796 596 plurumum
812 529 942 582 audaciae
957 530 996 583 iu-

147 607 215 658 erat.
251 605 291 658 Eo
306 611 457 659 convenere
472 604 600 657 senatorii
615 603 718 657 ordinis
730 604 760 657 P.
774 604 906 658 Lentulus
919 606 996 673 Sura,
1045 608 1049 615 “

149 681 178 734 P.
193 681 354 748 Autronius,
373 681 403 733 L.
420 676 530 733 Cassius
546 680 692 748 Longinus,
711 679 740 733 C.
756 679 901 748 Cethegus,
920 683 950 735 Ρ.
967 687 996 738 et

149 758 257 812 Servius
279 757 378 824 Sullae,
399 756 476 811 Servi
497 756 553 824 tilii,
576 756 604 810 L.
617 757 810 825 Vargunteius,
830 759 860 823 Q.
880 759 996 826 Annius,

148 828 186 887 M.
203 834 315 888 Porcius
334 833 430 899 Laeca,
449 832 480 886 L.
497 832 599 899 Bestia,
619 832 650 897 Q.
668 832 782 896 Curius3
799 838 943 902 praeterea
962 852 996 889 ex

148 904 269 978 equestri
293 909 389 964 ordine
412 909 453 963 Μ.
471 908 585 962 Fulvius
604 908 737 976 Nobilior,
760 909 790 962 L.
810 909 943 978 Statilius,
965 912 995 966 P.

148 986 279 1041 Gabinius
292 986 397 1055 Capito,
411 985 441 1039 C.
453 985 608 1049 Comelius3
626 984 662 1038 ad
677 985 729 1039 hoc
745 985 824 1039 multi
839 1003 873 1040 ex
886 987 997 1041 coloniis

148 1066 177 1117 et
189 1062 349 1131 municipiis,
362 1062 435 1115 domi
448 1061 559 1115 nobiles.
591 1062 678 1114 Erant
689 1064 833 1130 praeterea
844 1064 996 1132 complures

147 1139 228 1208 paulo
246 1138 379 1192 occultius
396 1137 489 1191 consili
506 1137 621 1207 hujusce
639 1137 786 1206 participes
803 1137 915 1207 nobiles,
928 1156 996 1207 quos

147 1215 234 1283 magis
253 1213 444 1268 dominationis
468 1230 530 1282 spes
550 1213 714 1266 hortabatur
733 1229 815 1281 quam
836 1214 926 1282 inopia
947 1220 996 1269 aut

148 1291 238 1359 aliqua
261 1290 441 1344 necessitudo.
479 1289 609 1344 Ceterum
629 1288 762 1357 juventus
784 1290 922 1359 pleraque,
947 1292 996 1344 sed

147 1383 274 1420 maxume
290 1366 430 1434 nobilium,
443 1366 575 1420 Catilinae
587 1365 704 1433 inceptis
714 1364 838 1429 favebat3
856 1366 955 1434 quibus
967 1367 995 1421 in

148 1443 204 1495 otio
215 1442 259 1495 vel
274 1442 418 1511 magnifice
431 1442 474 1495 vel
489 1440 608 1494 molliter
619 1439 711 1493 vivero
722 1441 800 1507 copia
811 1445 879 1508 erat,
892 1441 997 1496 incerta

149 1535 199 1587 pro
215 1517 305 1583 certis,
318 1517 514 1585 bellumquam
529 1532 625 1585 pacem
641 1515 788 1569 malebant.
824 1516 913 1570 Fuere
928 1518 994 1571 item
1036 1554 1039 1557 -

149 1610 183 1647 ca
197 1596 362 1662 tempestate
379 1594 426 1661 qui
442 1593 588 1647 crederent
603 1592 640 1645 M.
654 1591 786 1645 Licinium
799 1591 927 1646 Crassum
942 1611 994 1647 non

148 1670 273 1738 ignarum
289 1669 349 1738 ejus
364 1669 458 1723 consili
472 1668 573 1734 iuissc;
590 1668 654 1736 quia
671 1667 717 1721 Cu.
733 1667 878 1738 Pompeius
894 1669 996 1724 invisus

148 1747 200 1814 ipsi
214 1763 341 1815 magnum
354 1747 505 1800 exercitum
518 1744 659 1811 ductabat,
672 1744 790 1812 cujusvis
802 1762 868 1814 opes
880 1746 996 1800 voluisse

148 1826 244 1876 contra
254 1822 326 1875 illius
338 1823 489 1891 potentiam
501 1838 639 1886 crescere3
657 1822 737 1874 simul
750 1823 887 1887 confisum,
901 1823 923 1875 si
935 1822 1012 1878 con-'

135 1964 138 1971 .
144 1896 249 1966 juratio
261 1898 398 1965 valuisset,
410 1897 488 1951 limile
499 1897 573 1965 apud
586 1897 647 1950 illos
658 1897 807 1965 principem
820 1914 850 1951 se
861 1899 926 1953 fore.

204 1981 241 2028 18.
278 1973 334 2027 Sed
351 1977 432 2027 antea
449 1974 515 2027 item
534 1972 709 2042 conjuravere
726 1975 805 2041 pauci
823 1978 918 2029 contra
936 1993 994 2030 rem

148 2050 293 2120 publicam,
308 2051 336 2103 in
353 2049 451 2118 quibus
468 2047 587 2103 Catilina
603 2048 672 2112 fuit3
690 2048 725 2101 dc
743 2066 797 2118 qua
815 2066 895 2118 quarn
914 2052 996 2105 veris

149 2141 225 2180 sume
249 2129 346 2194 potero
367 2114 463 2180 uitam.
503 2125 533 2177 L.
553 2124 630 2177 'lullo
652 2124 689 2176 M'
708 2125 813 2195 Lepido
833 2127 994 2192 consulibus,

85 2202 87 2205 ’
150 2200 180 2254 Ρ.
200 2203 351 2255 Autronius
371 2204 401 2254 et
423 2200 452 2253 P.
475 2200 558 2267 Sulla,
581 2200 716 2266 designati
736 2202 866 2269 consules,
889 2203 995 2270 legibus

148 2276 268 2330 ambitus
283 2277 444 2345 interrogati
459 2292 559 2345 poenas
572 2275 714 2329 dederant.
752 2277 818 2331 Post
828 2278 909 2346 paulo
922 2279 995 2333 Cati-

148 2351 209 2419 lina,
229 2354 404 2422 pecuniarum
427 2352 643 2421 repetundarum
666 2369 736 2419 reus,
757 2354 911 2422 prohibitus
935 2360 995 2410 erat

148 2429 317 2483 consulatum
332 2433 429 2498 petere
445 2427 531 2497 [quod
547 2429 620 2482 iutra
636 2429 781 2496 legitumos
796 2429 856 2483 dies
872 2431 993 2499 profiteri

149 2503 320 2573 nequiverit}
357 2505 425 2559 Erat
439 2503 535 2557 eodem
551 2508 674 2572 tompore
692 2504 738 2559 Cn.
753 2504 823 2573 Piso,
835 2505 996 2560 adulescens

148 2579 254 2645 nobilis,
278 2596 400 2634 summae
423 2579 559 2644 audaciae,
584 2597 673 2648 egens,
697 2581 833 2651 factiosus,
854 2599 936 2650 quem
959 2583 995 2636 ad

29 2672 35 2685 ·
147 2655 363 2723 perturbandam
382 2672 441 2709 rem
462 2654 599 2724 publicam
617 2656 707 2725 inopia
724 2661 807 2725 atque
825 2657 889 2711 mali
906 2674 995 2712 mores

148 2731 332 2786 stimulabant.
369 2732 438 2787 Cum
452 2733 508 2795 ¹boc
529 2732 646 2786 Catilina
667 2735 696 2785 et
715 2733 867 2786 Autronius
887 2734 996 2788 circiter

148 2806 174 2859 N
175 2786 241 2861 dias
254 2807 537 2863 Deccmbrisconsilio
549 2809 747 2862 communicato
758 2807 891 2877 parabant
903 2808 931 2860 in
944 2808 995 2862 Ca-

146 2882 241 2951 pitolio
260 2884 393 2938 Kalendis
411 2883 430 2937 J
432 2884 549 2936 anuariis
567 2883 596 2936 L.
610 2883 720 2938 Cottam
737 2887 767 2937 et
785 2884 814 2936 L.
828 2883 995 2952 Torquatum

147 2958 270 3012 consules
282 2960 445 3027 interficere,
457 2959 508 3028 ipsi
519 2958 636 3012 fascibus
649 2959 782 3028 correptis
796 2959 919 3011 Pisonem
932 2975 995 3011 cum

147 3034 270 3088 exercitu
286 3036 322 3089 ad
338 3035 500 3090 obtinendas
512 3033 581 3088 duas
595 3034 740 3102 Hispanias
756 3033 873 3085 mittere.
908 3032 949 3085 Ea
964 3049 995 3086 re

146 3111 256 3177 cognita
278 3129 374 3166 rursus
397 3113 426 3164 in
446 3112 539 3164 Nonas
558 3109 723 3164 Februarias
741 3105 881 3160 consilium
902 3107 995 3159 cacdis

145 3186 351 3261 transtulerant.
385 3188 404 3240 J
405 3203 450 3240 am
463 3191 523 3241 tum
538 3201 593 3240 non
604 3179 759 3237 consulibus
770 3179 859 3245 modo,
872 3180 922 3232 sed
938 3180 994 3248 ple-
