2275 3425
144 118 176 169 oo
393 122 421 168 c.
441 100 616 171 anteneri
634 116 752 170 caram

143 213 194 266 per
211 197 347 266 ignaviam
366 202 397 252 et
414 198 570 267 superbiam
588 202 709 254 aetatem
728 197 817 268 agere.
852 197 911 254 Sed
930 197 999 252 milri

144 277 241 328 contra
265 290 298 327 ea
316 273 441 340 videtum
465 292 528 328 nam
552 292 607 345 quo
626 276 714 345 pluris
737 279 782 330 est
803 275 931 329 univorsa
952 289 999 328 res

143 349 254 418 publica
269 367 350 417 quam
366 351 521 404 consulatus
540 356 589 406 aut
606 355 744 421 praetura,
761 368 794 405 eo
810 350 915 418 majore
932 365 999 404 cura

143 424 218 478 illam
235 425 420 479 administrari
437 442 519 495 quam
535 427 603 482 baec
619 427 677 496 peti
694 426 802 481 debere.
839 426 937 494 Neque
952 441 998 479 me

143 499 221 568 fallit,
246 504 380 568 quantum
401 518 464 555 eum
487 519 614 556 maxumo
633 506 725 556 vostro
748 502 880 557 beneficio
904 501 998 569 negoti

85 610 87 613 -
143 577 301 631 sustineam
345 577 454 631 Bellum
478 595 577 647 parare
596 579 677 633 simul
700 582 729 633 et
751 578 855 632 aerario
875 593 997 646 parcere,

143 669 241 720 eogere
255 653 292 706 ad
308 652 434 707 militiam
452 670 506 723 eos,
525 671 593 724 quos
607 656 676 709 nolis
692 653 837 722 offendere,
856 652 930 707 domi
945 653 998 706 ior-

143 727 222 797 isque
234 728 324 782 omnia
336 745 442 798 curare,
454 733 483 784 et
496 747 529 784 ea
540 747 624 799 agere
639 731 713 786 inter
726 730 840 799 invidos,
856 746 998 784 occursan-

143 803 188 871 tis,
201 803 337 871 factiosos,
353 805 488 874 opinione,
505 806 635 875 Quirites,
652 807 774 875 asperius
787 809 836 861 est.
874 806 922 859 Ad
937 804 997 874 hoc,

143 879 189 933 alii
205 879 230 932 si
248 880 397 949 deliquere,
409 884 489 935 vetus
506 881 645 950 nobilitas,
663 882 798 950 majorum
816 882 899 936 fortia
915 881 996 947 facta,

144 959 321 1023 cognatorum
340 960 370 1010 et
385 956 505 1010 affinium
524 974 597 1027 opes,
611 959 720 1013 'multae
738 958 888 1024 clientelae,
907 956 997 1010 omnia

143 1030 211 1086 haee
223 1032 359 1101 praesidio
371 1033 473 1086 adsunt
480 1053 487 1099 ;
504 1034 572 1087 mihi
585 1051 648 1103 spes
660 1051 754 1088 omnes
765 1034 793 1087 in
805 1036 907 1087 memet
918 1032 995 1100 sitae,

144 1123 213 1175 quas
230 1125 340 1162 necesse
354 1112 397 1163 est
408 1109 511 1162 virtute
529 1113 559 1163 et
576 1110 733 1164 innocentia
750 1108 852 1174 tutari3
868 1125 931 1162 nam
943 1107 997 1162 alia

143 1182 251 1237 infirma
264 1188 335 1239 sunt.
370 1185 407 1238 Et
423 1184 493 1238 illud
509 1185 646 1254 intellego,
664 1186 792 1252 Quirites,
810 1185 930 1238 omnium
948 1201 997 1237 ora

143 1259 171 1311 in
189 1275 234 1313 me
251 1276 381 1315 convorsa
398 1276 466 1329 esse,
485 1277 587 1329 aequos
607 1261 747 1330 bonosque
765 1260 996 1328 favere-quippe

143 1350 205 1387 mea
227 1334 298 1390 bene
320 1337 393 1390 iacta
415 1336 456 1390 rei
480 1336 605 1404 publicae
628 1334 996 1406 procedunt-nobilitatem

143 1408 232 1462 locum
255 1411 403 1466 invadendi
424 1428 563 1480 quaerere.
603 1413 663 1478 Quo
679 1412 746 1465 mihi
764 1412 854 1466 acrius
873 1411 996 1464 anniten-

144 1485 210 1539 dum
223 1490 273 1555 est,
281 1488 418 1556 utineque
428 1504 476 1541 vos
487 1487 638 1557 capiamini,
649 1491 678 1542 et
690 1488 729 1541 illi
741 1488 845 1542 frustra
857 1487 919 1541 sint.
950 1487 997 1541 Ita

143 1561 181 1614 ad
197 1562 248 1617 hoc
259 1564 358 1617 aetatis
374 1564 522 1633 spueritia
537 1565 577 1617 fui
592 1567 626 1618 ut
642 1564 729 1617 omnis
744 1563 860 1630 labores,
874 1563 996 1632 pericula

103 1650 106 1655 ’
143 1637 272 1694 consueta
287 1640 425 1694 habeam
448 1640 524 1703 Quae
539 1645 605 1695 ante
616 1645 709 1694 vostra
724 1639 855 1694 beneficia
873 1639 996 1707 gratuito

143 1716 283 1781 faciebam,
296 1734 328 1771 ea
343 1721 376 1771 ut
391 1721 504 1786 accepta
519 1718 647 1772 mercede
661 1718 788 1771 deseram
803 1734 857 1770 non
873 1720 916 1771 est
932 1733 996 1770 eon-

143 1792 241 1860 silium,
260 1793 388 1856 Quirites.
426 1793 486 1846 Illis
503 1793 612 1847 difficile
628 1794 714 1847 estin
728 1792 912 1862 potestatibus
928 1796 996 1847 tem-

142 1884 248 1936 perare,
268 1870 315 1937 qui
335 1886 385 1937 per
407 1869 584 1922 ambitionem
609 1885 669 1923 sese
693 1869 794 1938 probos
818 1868 995 1934 simulavere;

143 1944 218 2011 mihi,
231 1945 277 2012 qui
292 1961 399 1998 omnem
414 1948 533 1999 aetatem
550 1945 579 1997 in
596 1945 715 2014 optumis
733 1943 839 1999 artibus
857 1945 907 2012 egi,
924 1944 995 1999 bene

143 2019 233 2073 faeere
245 2021 305 2088 jam
318 2037 352 2074 ex
367 2021 563 2074 consuetudine
578 2021 606 2073 in
620 2024 746 2075 naturam
757 2020 849 2075 vortit.
885 2020 995 2074 Bellum

143 2111 188 2149 me
205 2112 302 2164 gerere
320 2113 381 2151 cum
399 2098 418 2150 J
421 2096 540 2165 ugurtha
554 2096 685 2164 jussistis,
697 2114 780 2166 quam
791 2113 850 2150 rem
866 2096 994 2150 nobilitas

143 2187 303 2239 aegerrume
318 2171 389 2227 tulit.
426 2174 539 2240 Quaeso,
556 2175 685 2240 reputate
701 2190 763 2226 cum
777 2172 874 2225 animis
886 2172 993 2239 vostris,

142 2263 208 2299 num
219 2246 249 2299 id
260 2247 361 2300 mutari
377 2249 474 2302 melius
490 2249 534 2314 sit,
551 2249 574 2301 si
589 2265 671 2316 quem
686 2265 720 2301 ex
736 2249 783 2302 illo
801 2246 882 2316 globo
898 2246 994 2301 nobili-

143 2322 210 2375 tatis
223 2322 260 2375 ad
278 2322 329 2376 hoc
340 2327 389 2378 aut
400 2322 476 2377 aliud
491 2324 548 2377 tale
563 2324 703 2391 negotium
719 2323 845 2390 mittatis,
856 2323 993 2377 hominem

142 2398 244 2452 veteris
260 2399 404 2468 prosapiae
420 2417 451 2453 ac
467 2399 615 2453 multarum
632 2400 781 2467 imaginum
793 2403 823 2454 et
833 2398 933 2452 nullius
946 2400 994 2453 sti-

142 2473 233 2542 pendi,
250 2474 353 2529 scilicet
366 2478 398 2529 ut
412 2475 441 2529 in
457 2478 536 2529 tanta
551 2492 582 2529 re
596 2476 708 2543 ignarus
724 2475 843 2528 omnium
862 2474 993 2543 trepidet,

142 2550 262 2617 festinet,
274 2553 365 2605 sumat
376 2552 495 2620 aliquem
511 2568 545 2605 ex
561 2552 661 2620 populo
677 2552 840 2605 monitorem
858 2551 926 2605 offici
942 2551 992 2604 sui

144 2626 190 2680 Ita
201 2627 362 2695 plerumque
376 2628 467 2682 evenit
482 2631 514 2681 ut
530 2644 612 2696 quem
624 2644 671 2681 vos
687 2627 880 2696 imperatorem
894 2626 993 2694 jussis-

142 2702 186 2769 tis,
198 2703 222 2756 is
234 2702 286 2756 sibi
299 2703 492 2772 imperatorem
505 2704 587 2757 alium
600 2707 721 2772 quaerat.
758 2706 853 2773 Atque
865 2720 916 2770 ego
928 2703 992 2771 scio,

144 2779 271 2847 Quirites,
293 2780 347 2848 qui,
367 2784 512 2849 postquam
534 2780 657 2833 consules
677 2779 742 2833 faeti
762 2783 834 2847 sunt,
854 2784 916 2833 acta
935 2796 992 2833 ma-

139 2853 232 2921 jorum
251 2860 281 2911 et
305 2856 471 2910 Graecorum
491 2856 622 2909 militaria
645 2859 791 2925 praecepta
813 2856 906 2923 legere
933 2871 993 2908 coe·

141 2931 240 2998 perint,
263 2933 434 2999 praeposteri
457 2931 594 2995 homines3
617 2947 681 2985 nam
704 2947 800 2999 gerere
824 2947 908 3000 quam
931 2931 992 2983 fieri

141 3007 265 3073 tempore
281 3008 425 3075 posterius,
439 3024 471 3060 re
486 3010 569 3074 atque
583 3024 633 3060 usu
648 3008 724 3075 prius
738 3011 789 3062 est.
826 3008 992 3077 Comparate

140 3095 218 3146 nunc,
237 3081 365 3150 Quirites,
385 3099 447 3136 oum
462 3083 570 3135 illorum
588 3083 715 3151 superbia
730 3087 774 3137 ine
790 3083 928 3138 hominem
945 3100 992 3136 no-

141 3167 212 3206 vum.
248 3154 324 3217 Quae
339 3156 379 3210 illi
397 3156 494 3210 audire
505 3156 639 3224 ellegere
656 3157 751 3225 solent,
767 3174 863 3213 eorum
883 3161 991 3227 partem
