2275 3425
144 141 174 188 46
393 136 421 185 O.
439 134 616 184 SALLUSTI
633 136 750 186 CRISPI

143 235 210 272 esse.
246 215 339 282 Ceteri
356 231 435 283 reges
449 221 498 268 aut
515 214 587 268 bello
600 214 664 268 ricti
679 215 707 268 in
722 214 871 269 amicitiam
887 232 904 270 a
918 214 995 271 vobis

143 293 246 361 recepti
258 295 328 359 sunt,
340 294 389 344 aut
400 292 429 345 in
441 291 497 344 suis
508 290 598 344 dubiis
610 291 692 346 rebus
704 293 862 348 societatem
873 295 994 346 vostram

143 368 349 436 appetiverunt;
364 367 467 420 familia
480 371 575 422 nostra
590 385 653 422 cum
668 369 768 436 populo
783 368 906 421 Romano
923 367 995 421 bello

143 443 361 511 Carthaginiensi
378 444 526 497 amicitiam
545 445 674 513 instituit,
693 460 747 513 quo
765 448 889 513 tempore
907 444 995 512 magis

143 519 213 574 fides
229 518 289 587 ejus
305 536 393 588 quam
403 520 512 573 fortuna
523 519 643 588 petenda
656 523 723 575 erat.
761 522 882 586 Quorum
898 537 996 590 proge-

142 596 215 650 niem
226 612 281 661 ros,
292 600 386 664 patres
397 596 550 664 conscripti,
567 597 652 651 nolite
663 597 722 666 pati
733 614 779 651 me
795 600 924 666 nepotem
936 597 996 650 Ma·

144 671 256 725 sinissae
271 673 375 726 frustra
397 688 414 726 a
428 672 505 726 vobis
524 672 656 726 {auxilium
673 677 776 741 petere.
811 673 840 727 Si
859 672 895 725 ad
912 673 997 742 impe-

143 748 272 816 trandum
295 748 362 800 nihil
384 764 496 803 caussae
519 748 650 802 haberem
673 752 784 818 praeter
811 748 996 802 miserandam

142 825 288 891 fortunam,
304 824 378 893 quod
395 824 477 893 paulo
494 827 559 879 ante
575 842 624 878 rex
640 841 750 892 genere,
766 825 839 878 fama
854 828 938 893 atque
952 841 997 878 co·

143 899 195 969 piis
215 905 321 969 potens,
340 917 411 954 nunc
430 900 600 955 deformatus
623 902 768 968 aerumnis,
787 901 874 970 inops,
893 901 997 954 alienas
1101 953 1108 966 ,

143 992 209 1045 opes
229 979 366 1046 exspecto,
387 979 480 1030 tamen
506 979 567 1031 erat
585 975 738 1044 majestatis
765 976 881 1031 Romani
903 976 996 1046 populi

143 1052 290 1120 prohibere
306 1052 435 1120 injuriam
453 1068 543 1121 neque
559 1053 619 1121 pati
636 1051 795 1121 cujusquam
814 1065 927 1121 regnum
945 1068 997 1121 per

144 1128 233 1182 scelus
257 1145 388 1183 crescere.
426 1128 530 1182 Verum
549 1145 601 1197 ego
624 1127 659 1181 iis
680 1128 781 1181 finibus
804 1128 910 1196 ejectus
928 1145 996 1194 sum,

145 1221 213 1273 quos
236 1203 386 1274 majoribus
406 1205 475 1259 meis
502 1206 622 1275 populus
646 1204 786 1259 Romanus
809 1205 894 1272 dedit,
922 1204 996 1259 unde

144 1285 224 1347 pater
241 1285 270 1335 et
287 1298 354 1335 avus
371 1297 449 1335 meus
466 1298 521 1334 uua
537 1281 678 1334 vobiscum
694 1281 826 1350 expulere
844 1281 996 1350 Syphacem

144 1359 175 1411 et
186 1357 428 1424 Carthaginiensis.
463 1355 566 1411 Vostra
583 1356 717 1410 beneficia
731 1356 800 1410 mihi
814 1361 909 1425 erepta
924 1361 996 1427 sunt,

144 1435 239 1503 patres
262 1434 418 1503 conscripti,
438 1449 487 1487 vos
514 1433 543 1486 in
565 1449 628 1486 mea
650 1432 750 1500 injuria
775 1433 898 1502 despecti
921 1434 996 1486 estis

146 1508 223 1563 Eheu
240 1525 285 1563 me
298 1510 441 1563 miserum!
473 1507 605 1576 Huccine,
624 1508 740 1577 Micipsa
758 1511 846 1579 pater,
864 1507 1002 1563 benefitia

145 1587 323 1652 tuaevasere,
337 1588 472 1654 utquam
488 1588 520 1640 tu
536 1601 633 1653 parem
648 1601 710 1639 cum
725 1584 820 1639 liberis
835 1584 892 1640 tuis
908 1585 997 1652 regni.

98 1706 105 1720 .
146 1677 200 1730 que
216 1660 380 1731 participem
398 1661 495 1727 fecisti,
512 1661 536 1715 is
555 1660 736 1731 potissumum
754 1660 849 1730 stirpis
867 1664 932 1716 tuae
950 1677 996 1715 ex·

146 1738 262 1792 stinctor
279 1738 332 1792 siti
369 1736 561 1806 Numquamne
582 1754 650 1806 ergo
665 1737 769 1792 familia
787 1741 881 1792 nostra
903 1737 998 1806 quieta

146 1814 215 1868 eritt
239 1830 384 1883 semperne
405 1814 435 1867 in
455 1813 595 1886 sanguine,
617 1812 700 1881 ferro,
720 1813 785 1882 iuga
808 1813 996 1870 versabimur?

147 1890 219 1943 Dum
226 1889 470 1958 ‘Carthaginienses
481 1890 630 1943 incolumes
641 1889 726 1956 firore,
739 1889 805 1958 jure
813 1889 904 1943 omnia
915 1905 998 1945 saera

146 1965 332 2035 patiebamur;
353 1965 447 2019 hostes
464 1964 500 2017 ab
521 1965 617 2033 latere,
638 1981 687 2019 vos
707 1965 788 2019 amici
808 1965 911 2034 procul,
933 1981 997 2031 spes

146 2042 234 2095 omnis
251 2042 279 2094 iu
297 2041 380 2094 armis
398 2043 466 2095 erat.
502 2041 653 2109 Postquam
673 2041 721 2095 illa
737 2042 825 2110 pestis
845 2057 880 2094 ex
900 2041 998 2105 Africa

146 2116 236 2184 ejecta
253 2118 302 2182 est,
315 2116 381 2171 laeti
398 2133 494 2186 pacem
512 2116 690 2184 agitabamus,
709 2118 813 2186 quippe
829 2117 889 2185 quis
909 2116 1003 2172 hostis-

146 2193 236 2246 nulius
248 2195 316 2259 erat,
328 2192 380 2245 nisi
392 2193 463 2245 forte
475 2208 557 2260 quem
569 2208 618 2247 ros
625 2191 784 2260 jussissetis
820 2192 892 2247 Itcce
903 2197 998 2247 autem

147 2285 180 2321 cx
191 2267 337 2336 improviso
351 2268 370 2322 J
372 2268 499 2335 ugurtha,
515 2268 689 2322 intoleranda
703 2268 824 2336 audacia,
841 2268 944 2323 scelere
958 2272 998 2322 at-

146 2360 201 2413 que
223 2343 352 2413 superbia
371 2360 432 2397 sese
455 2344 585 2411 ecferens
605 2345 692 2398 fratre
716 2361 776 2400 meo
795 2347 879 2413 atque
899 2344 998 2411 eodeni

145 2421 298 2490 propinquo
313 2435 363 2474 suo
376 2420 529 2488 interfecto,
546 2420 665 2489 primum
680 2437 795 2489 regnum
812 2421 873 2489 ejus
887 2422 998 2476 sceleris

147 2497 188 2549 sui
203 2495 334 2566 praedam
347 2495 421 2564 fecit,
438 2499 510 2566 post,
524 2497 572 2549 ubi
588 2513 632 2550 me
645 2497 734 2550 isdem
751 2497 823 2550 dolis
841 2498 936 2565 nequit
953 2513 999 2551 ca·

146 2589 219 2641 pere,
231 2571 298 2626 nihil
310 2572 399 2626 minus
411 2590 494 2641 quam
506 2573 561 2626 vim
573 2575 622 2626 aut
634 2573 736 2626 beilum
751 2576 957 2641 exspectantem
970 2573 998 2626 in

147 2650 260 2718 imperio
281 2653 381 2713 vostro,
403 2649 484 2703 sicuti
502 2649 611 2715 videtis,
633 2653 773 2703 extorrem
790 2650 889 2719 patria,
908 2648 998 2717 domo,

146 2726 255 2794 inopem
273 2729 303 2779 et
320 2729 480 2794 coopertum
498 2724 617 2779 miseriis
635 2725 734 2793 effecit,
752 2730 784 2779 ut
802 2725 892 2779 ubivis
908 2726 999 2779 tutius

146 2818 228 2871 quam
244 2802 272 2855 in
290 2817 350 2855 meo
369 2818 453 2870 regno
470 2818 565 2855 essem.
600 2803 659 2870 Ego
674 2802 712 2856 sic
729 2802 936 2867 existimabam,
951 2817 1000 2869 pa·

147 2883 205 2932 tres
228 2877 382 2946 conscripti,
409 2878 451 2932 uti
474 2878 681 2948 praedicantem
707 2877 866 2932 audiveram
889 2880 999 2947 patrem

147 2970 246 3022 meum,
265 2954 313 3023 qui
331 2958 451 3009 vostram
469 2955 618 3009 amicitiam
637 2955 782 3023 diligenter
805 2954 934 3022 colerent,
951 2970 999 3009 eos

140 3030 264 3087 ,muitum
272 3030 394 3084 laborem
407 3031 553 3099 suscipere,
562 3033 685 3085 ceteram
694 3047 729 3085 ex
738 3029 863 3084 omnibus
871 3046 999 3085 maxume

149 3109 224 3160 tutos
236 3122 302 3160 esse.
337 3106 418 3171 Quod
429 3107 457 3160 in
471 3106 575 3160 familia
590 3111 685 3161 nostra
698 3106 751 3160 suit
766 3106 914 3175 praestitit,
925 3108 958 3160 ut
970 3107 1000 3160 in

148 3182 273 3233 omuibus
288 3180 369 3234 bellis
392 3182 504 3235 adesset
523 3181 616 3245 vobis;
635 3198 685 3234 nos
708 3181 750 3235 uti
768 3197 820 3249 per
838 3181 924 3235 otium
942 3183 999 3236 tuti
