<?xml version="1.0" encoding="UTF-8"?>
<!DOCTYPE html PUBLIC "-//W3C//DTD XHTML 1.0 Transitional//EN"
    "http://www.w3.org/TR/xhtml1/DTD/xhtml1-transitional.dtd">
<html xmlns="http://www.w3.org/1999/xhtml" xml:lang="en" lang="en">
 <head>
  <title>
</title>
<meta http-equiv="Content-Type" content="text/html;charset=utf-8" />
  <meta name='ocr-system' content='tesseract 3.04.00' />
  <meta name='ocr-capabilities' content='ocr_page ocr_carea ocr_par ocr_line ocrx_word'/>
</head>
<body>
  <div class='ocr_page' id='page_1' title='image "./csallusticrispi00longgoog_0029.png"; bbox 0 0 2275 3425; ppageno 0'>
   <div class='ocr_carea' id='block_1_1' title="bbox 409 137 1016 194">
    <p class='ocr_par' dir='ltr' id='par_1_1' title="bbox 409 137 1016 194">
     <span class='ocr_line' id='line_1_1' title="bbox 409 137 1016 194; baseline 0.01 -7"><span class='ocrx_word' id='word_1_1' title='bbox 409 139 412 144; x_wconf 75' lang='grc'><em>’</em></span> <span class='ocrx_word' id='word_1_2' title='bbox 498 137 682 189; x_wconf 74' lang='lat' dir='ltr'>CATILINA.</span> <span class='ocrx_word' id='word_1_3' title='bbox 754 138 758 145; x_wconf 76' lang='grc'><em>’</em></span> <span class='ocrx_word' id='word_1_4' title='bbox 983 141 1016 194; x_wconf 70' lang='lat'>&#39;15</span> 
     </span>
    </p>
   </div>
   <div class='ocr_carea' id='block_1_2' title="bbox 161 219 1017 368">
    <p class='ocr_par' dir='ltr' id='par_1_2' title="bbox 161 219 1017 368">
     <span class='ocr_line' id='line_1_2' title="bbox 161 219 1017 292; baseline 0.007 -19"><span class='ocrx_word' id='word_1_5' title='bbox 161 219 279 288; x_wconf 79' lang='lat' dir='ltr'>generis,</span> <span class='ocrx_word' id='word_1_6' title='bbox 297 236 412 288; x_wconf 86' lang='lat' dir='ltr'>quorum</span> <span class='ocrx_word' id='word_1_7' title='bbox 430 220 459 272; x_wconf 93' lang='lat' dir='ltr'>in</span> <span class='ocrx_word' id='word_1_8' title='bbox 477 237 509 274; x_wconf 88' lang='lat' dir='ltr'>ea</span> <span class='ocrx_word' id='word_1_9' title='bbox 525 221 637 289; x_wconf 79' lang='lat' dir='ltr'>regione</span> <span class='ocrx_word' id='word_1_10' title='bbox 653 238 751 289; x_wconf 80' lang='lat' dir='ltr'>magna</span> <span class='ocrx_word' id='word_1_11' title='bbox 769 222 847 292; x_wconf 84' lang='lat' dir='ltr'>eopia</span> <span class='ocrx_word' id='word_1_12' title='bbox 865 227 934 292; x_wconf 86' lang='lat' dir='ltr'>erat,</span> <span class='ocrx_word' id='word_1_13' title='bbox 951 242 1017 278; x_wconf 91' lang='lat' dir='ltr'>non-</span> 
     </span>
     <span class='ocr_line' id='line_1_3' title="bbox 162 295 1017 368; baseline 0.005 -18"><span class='ocrx_word' id='word_1_14' title='bbox 162 295 251 350; x_wconf 92' lang='lat' dir='ltr'>nullos</span> <span class='ocrx_word' id='word_1_15' title='bbox 268 312 302 350; x_wconf 88' lang='lat' dir='ltr'>ex</span> <span class='ocrx_word' id='word_1_16' title='bbox 322 295 439 365; x_wconf 74' lang='lat' dir='ltr'>Sullanis</span> <span class='ocrx_word' id='word_1_17' title='bbox 458 296 565 363; x_wconf 87' lang='lat' dir='ltr'>colonis,</span> <span class='ocrx_word' id='word_1_18' title='bbox 582 297 682 366; x_wconf 89' lang='lat' dir='ltr'>quibus</span> <span class='ocrx_word' id='word_1_19' title='bbox 701 297 794 352; x_wconf 89' lang='lat' dir='ltr'>lubido</span> <span class='ocrx_word' id='word_1_20' title='bbox 808 302 893 368; x_wconf 87' lang='lat' dir='ltr'>atque</span> <span class='ocrx_word' id='word_1_21' title='bbox 908 301 1017 355; x_wconf 83' lang='lat' dir='ltr'>luxuria</span> 
     </span>
    </p>
   </div>
   <div class='ocr_carea' id='block_1_3' title="bbox 162 372 1016 522">
    <p class='ocr_par' dir='ltr' id='par_1_3' title="bbox 162 372 1016 522">
     <span class='ocr_line' id='line_1_4' title="bbox 162 372 969 505; baseline 0.004 -80"><span class='ocrx_word' id='word_1_22' title='bbox 162 389 198 426; x_wconf 88' lang='lat' dir='ltr'>ex</span> <span class='ocrx_word' id='word_1_23' title='bbox 210 372 316 440; x_wconf 80' lang='lat' dir='ltr'>magnis</span> <span class='ocrx_word' id='word_1_24' title='bbox 327 372 430 441; x_wconf 83' lang='lat' dir='ltr'>rapinis</span> <span class='ocrx_word' id='word_1_25' title='bbox 442 373 509 426; x_wconf 90' lang='lat' dir='ltr'>nihil</span> <span class='ocrx_word' id='word_1_26' title='bbox 521 373 621 441; x_wconf 83' lang='lat' dir='ltr'>reliqui</span> <span class='ocrx_word' id='word_1_27' title='bbox 632 374 760 428; x_wconf 78' lang='lat' dir='ltr'>fecerant.</span> <span class='ocrx_word' id='word_1_28' title='bbox 887 391 969 505; x_wconf 38' lang='grc' dir='ltr'>μ</span> 
     </span>
     <span class='ocr_line' id='line_1_5' title="bbox 876 453 1016 522; baseline 0 -16"><span class='ocrx_word' id='word_1_29' title='bbox 876 453 928 522; x_wconf 94' lang='lat' dir='ltr'>pti</span> <span class='ocrx_word' id='word_1_30' title='bbox 944 453 1016 506; x_wconf 86' lang='lat' dir='ltr'>malo</span> 
     </span>
    </p>
   </div>
   <div class='ocr_carea' id='block_1_4' title="bbox 162 423 1024 1206">
    <p class='ocr_par' dir='ltr' id='par_1_4' title="bbox 162 423 1024 1206">
     <span class='ocr_line' id='line_1_6' title="bbox 214 423 875 519; baseline 0.003 -16"><span class='ocrx_word' id='word_1_31' title='bbox 214 454 256 503; x_wconf 74' lang='lat' dir='ltr'>al.</span> <span class='ocrx_word' id='word_1_32' title='bbox 291 448 333 501; x_wconf 87' lang='lat' dir='ltr'>Ea</span> <span class='ocrx_word' id='word_1_33' title='bbox 351 465 437 517; x_wconf 91' lang='lat' dir='ltr'>quum</span> <span class='ocrx_word' id='word_1_34' title='bbox 455 449 579 503; x_wconf 81' lang='lat' dir='ltr'>Ciceroni</span> <span class='ocrx_word' id='word_1_35' title='bbox 597 450 798 519; x_wconf 73' lang='lat' dir='ltr'>nuntiarentur,</span> <span class='ocrx_word' id='word_1_36' title='bbox 815 423 875 507; x_wconf 75' lang='grc'><strong>11111</strong></span> 
     </span>
     <span class='ocr_line' id='line_1_7' title="bbox 162 523 1016 596; baseline 0.002 -17"><span class='ocrx_word' id='word_1_37' title='bbox 162 528 309 595; x_wconf 88' lang='lat' dir='ltr'>permotus,</span> <span class='ocrx_word' id='word_1_38' title='bbox 322 523 396 594; x_wconf 92' lang='lat' dir='ltr'>quod</span> <span class='ocrx_word' id='word_1_39' title='bbox 409 541 498 594; x_wconf 87' lang='lat' dir='ltr'>neque</span> <span class='ocrx_word' id='word_1_40' title='bbox 510 525 607 579; x_wconf 89' lang='lat' dir='ltr'>urbem</span> <span class='ocrx_word' id='word_1_41' title='bbox 619 525 655 579; x_wconf 90' lang='lat' dir='ltr'>ab</span> <span class='ocrx_word' id='word_1_42' title='bbox 666 527 773 581; x_wconf 83' lang='lat' dir='ltr'>insidiis</span> <span class='ocrx_word' id='word_1_43' title='bbox 784 529 893 596; x_wconf 84' lang='lat' dir='ltr'>privato</span> <span class='ocrx_word' id='word_1_44' title='bbox 905 529 1016 583; x_wconf 87' lang='lat' dir='ltr'>consilio</span> 
     </span>
     <span class='ocr_line' id='line_1_8' title="bbox 162 601 1016 674; baseline 0.005 -19"><span class='ocrx_word' id='word_1_45' title='bbox 162 601 270 670; x_wconf 79' lang='lat' dir='ltr'>longius</span> <span class='ocrx_word' id='word_1_46' title='bbox 287 603 361 656; x_wconf 89' lang='lat' dir='ltr'>tueri</span> <span class='ocrx_word' id='word_1_47' title='bbox 382 606 499 670; x_wconf 89' lang='lat' dir='ltr'>poterat,</span> <span class='ocrx_word' id='word_1_48' title='bbox 524 619 613 671; x_wconf 90' lang='lat' dir='ltr'>neque</span> <span class='ocrx_word' id='word_1_49' title='bbox 632 603 770 657; x_wconf 86' lang='lat' dir='ltr'>exercitus</span> <span class='ocrx_word' id='word_1_50' title='bbox 794 604 878 657; x_wconf 91' lang='lat' dir='ltr'>Manli</span> <span class='ocrx_word' id='word_1_51' title='bbox 898 608 1016 674; x_wconf 89' lang='lat' dir='ltr'>quantus</span> 
     </span>
     <span class='ocr_line' id='line_1_9' title="bbox 163 680 1016 748; baseline 0.004 -16"><span class='ocrx_word' id='word_1_52' title='bbox 163 683 211 732; x_wconf 87' lang='lat' dir='ltr'>aut</span> <span class='ocrx_word' id='word_1_53' title='bbox 223 696 278 748; x_wconf 92' lang='lat' dir='ltr'>quo</span> <span class='ocrx_word' id='word_1_54' title='bbox 290 680 401 733; x_wconf 90' lang='lat' dir='ltr'>oonsilio</span> <span class='ocrx_word' id='word_1_55' title='bbox 413 680 485 732; x_wconf 89' lang='lat' dir='ltr'>foret</span> <span class='ocrx_word' id='word_1_56' title='bbox 500 680 567 732; x_wconf 88' lang='lat' dir='ltr'>satis</span> <span class='ocrx_word' id='word_1_57' title='bbox 581 683 750 747; x_wconf 88' lang='lat' dir='ltr'>compertum</span> <span class='ocrx_word' id='word_1_58' title='bbox 765 680 894 747; x_wconf 88' lang='lat' dir='ltr'>habebat,</span> <span class='ocrx_word' id='word_1_59' title='bbox 907 698 965 735; x_wconf 90' lang='lat' dir='ltr'>rem</span> <span class='ocrx_word' id='word_1_60' title='bbox 979 681 1016 735; x_wconf 89' lang='lat' dir='ltr'>ad</span> 
     </span>
     <span class='ocr_line' id='line_1_10' title="bbox 163 755 1024 825; baseline 0.005 -18"><span class='ocrx_word' id='word_1_61' title='bbox 163 758 289 809; x_wconf 88' lang='lat' dir='ltr'>senatum</span> <span class='ocrx_word' id='word_1_62' title='bbox 303 756 389 809; x_wconf 80' lang='lat' dir='ltr'>refert</span> <span class='ocrx_word' id='word_1_63' title='bbox 401 757 461 823; x_wconf 88' lang='lat' dir='ltr'>jam</span> <span class='ocrx_word' id='word_1_64' title='bbox 479 759 560 809; x_wconf 90' lang='lat' dir='ltr'>antea</span> <span class='ocrx_word' id='word_1_65' title='bbox 577 755 649 823; x_wconf 83' lang='lat' dir='ltr'>volgi</span> <span class='ocrx_word' id='word_1_66' title='bbox 668 755 822 809; x_wconf 86' lang='lat' dir='ltr'>rumoribus</span> <span class='ocrx_word' id='word_1_67' title='bbox 839 757 1024 825; x_wconf 62' lang='lat' dir='ltr'>exagitatam„</span> 
     </span>
     <span class='ocr_line' id='line_1_11' title="bbox 164 831 1015 901; baseline 0.002 -16"><span class='ocrx_word' id='word_1_68' title='bbox 164 831 271 900; x_wconf 86' lang='lat' dir='ltr'>Itaque,</span> <span class='ocrx_word' id='word_1_69' title='bbox 285 833 359 901; x_wconf 88' lang='lat' dir='ltr'>quod</span> <span class='ocrx_word' id='word_1_70' title='bbox 376 833 538 901; x_wconf 84' lang='lat' dir='ltr'>plerumque</span> <span class='ocrx_word' id='word_1_71' title='bbox 550 833 579 885; x_wconf 92' lang='lat' dir='ltr'>in</span> <span class='ocrx_word' id='word_1_72' title='bbox 591 834 678 886; x_wconf 87' lang='lat' dir='ltr'>atroci</span> <span class='ocrx_word' id='word_1_73' title='bbox 690 833 800 899; x_wconf 88' lang='lat' dir='ltr'>negotio</span> <span class='ocrx_word' id='word_1_74' title='bbox 813 833 891 897; x_wconf 90' lang='lat' dir='ltr'>solet,</span> <span class='ocrx_word' id='word_1_75' title='bbox 904 839 1015 888; x_wconf 87' lang='lat' dir='ltr'>senatus</span> 
     </span>
     <span class='ocr_line' id='line_1_12' title="bbox 164 908 1015 978; baseline 0.005 -18"><span class='ocrx_word' id='word_1_76' title='bbox 164 908 294 976; x_wconf 83' lang='lat' dir='ltr'>decrevit,</span> <span class='ocrx_word' id='word_1_77' title='bbox 316 908 420 962; x_wconf 88' lang='lat' dir='ltr'>Darent</span> <span class='ocrx_word' id='word_1_78' title='bbox 435 925 546 977; x_wconf 83' lang='lat' dir='ltr'>operam</span> <span class='ocrx_word' id='word_1_79' title='bbox 562 910 693 978; x_wconf 88' lang='lat' dir='ltr'>consules,</span> <span class='ocrx_word' id='word_1_80' title='bbox 708 926 743 962; x_wconf 90' lang='lat' dir='ltr'>ne</span> <span class='ocrx_word' id='word_1_81' title='bbox 758 909 825 977; x_wconf 91' lang='lat' dir='ltr'>quid</span> <span class='ocrx_word' id='word_1_82' title='bbox 843 927 888 962; x_wconf 87' lang='lat' dir='ltr'>res</span> <span class='ocrx_word' id='word_1_83' title='bbox 906 910 1015 978; x_wconf 90' lang='lat' dir='ltr'>publica</span> 
     </span>
     <span class='ocr_line' id='line_1_13' title="bbox 164 984 1015 1056; baseline 0.004 -19"><span class='ocrx_word' id='word_1_84' title='bbox 164 984 323 1040; x_wconf 76' lang='lat' dir='ltr'>detrimenti</span> <span class='ocrx_word' id='word_1_85' title='bbox 344 989 462 1055; x_wconf 89' lang='lat' dir='ltr'>caperet.</span> <span class='ocrx_word' id='word_1_86' title='bbox 506 986 548 1040; x_wconf 84' lang='lat' dir='ltr'>Ea</span> <span class='ocrx_word' id='word_1_87' title='bbox 571 989 695 1056; x_wconf 87' lang='lat' dir='ltr'>potestas</span> <span class='ocrx_word' id='word_1_88' title='bbox 718 1003 769 1055; x_wconf 88' lang='lat' dir='ltr'>per</span> <span class='ocrx_word' id='word_1_89' title='bbox 793 990 918 1040; x_wconf 88' lang='lat' dir='ltr'>senatum</span> <span class='ocrx_word' id='word_1_90' title='bbox 938 1002 1015 1040; x_wconf 86' lang='lat' dir='ltr'>more</span> 
     </span>
     <span class='ocr_line' id='line_1_14' title="bbox 164 1060 1014 1132; baseline 0.004 -19"><span class='ocrx_word' id='word_1_91' title='bbox 164 1060 286 1115; x_wconf 86' lang='lat' dir='ltr'>Romano</span> <span class='ocrx_word' id='word_1_92' title='bbox 309 1063 482 1130; x_wconf 81' lang='lat' dir='ltr'>magistratui</span> <span class='ocrx_word' id='word_1_93' title='bbox 506 1079 635 1116; x_wconf 88' lang='lat' dir='ltr'>maxuma</span> <span class='ocrx_word' id='word_1_94' title='bbox 660 1062 838 1132; x_wconf 88' lang='lat' dir='ltr'>permittitur,</span> <span class='ocrx_word' id='word_1_95' title='bbox 863 1063 1014 1116; x_wconf 85' lang='lat' dir='ltr'>exercitum</span> 
     </span>
     <span class='ocr_line' id='line_1_15' title="bbox 162 1136 1015 1206; baseline 0.001 -16"><span class='ocrx_word' id='word_1_96' title='bbox 162 1153 267 1205; x_wconf 87' lang='lat' dir='ltr'>parare,</span> <span class='ocrx_word' id='word_1_97' title='bbox 286 1137 387 1191; x_wconf 88' lang='lat' dir='ltr'>bellum</span> <span class='ocrx_word' id='word_1_98' title='bbox 405 1155 510 1206; x_wconf 81' lang='lat' dir='ltr'>gerere,</span> <span class='ocrx_word' id='word_1_99' title='bbox 530 1154 656 1193; x_wconf 86' lang='lat' dir='ltr'>coercere</span> <span class='ocrx_word' id='word_1_100' title='bbox 677 1136 802 1190; x_wconf 86' lang='lat' dir='ltr'>omnibus</span> <span class='ocrx_word' id='word_1_101' title='bbox 822 1138 911 1190; x_wconf 89' lang='lat' dir='ltr'>modis</span> <span class='ocrx_word' id='word_1_102' title='bbox 929 1140 1015 1191; x_wconf 88' lang='lat' dir='ltr'>socios</span> 
     </span>
    </p>
   </div>
   <div class='ocr_carea' id='block_1_5' title="bbox 63 1213 1013 1284">
    <p class='ocr_par' dir='ltr' id='par_1_5' title="bbox 63 1213 1013 1284">
     <span class='ocr_line' id='line_1_16' title="bbox 63 1213 1013 1284; baseline 0.003 -20"><span class='ocrx_word' id='word_1_103' title='bbox 63 1277 67 1284; x_wconf 25' lang='grc'>1</span> <span class='ocrx_word' id='word_1_104' title='bbox 163 1216 246 1280; x_wconf 88' lang='lat' dir='ltr'>atque</span> <span class='ocrx_word' id='word_1_105' title='bbox 262 1214 335 1282; x_wconf 86' lang='lat' dir='ltr'>ciris,</span> <span class='ocrx_word' id='word_1_106' title='bbox 351 1214 425 1268; x_wconf 87' lang='lat' dir='ltr'>domi</span> <span class='ocrx_word' id='word_1_107' title='bbox 441 1215 610 1282; x_wconf 87' lang='lat' dir='ltr'>militiaeque</span> <span class='ocrx_word' id='word_1_108' title='bbox 624 1213 770 1281; x_wconf 86' lang='lat' dir='ltr'>imperium</span> <span class='ocrx_word' id='word_1_109' title='bbox 784 1216 868 1280; x_wconf 90' lang='lat' dir='ltr'>atque</span> <span class='ocrx_word' id='word_1_110' title='bbox 879 1213 1013 1281; x_wconf 91' lang='lat' dir='ltr'>judicium</span> 
     </span>
    </p>
   </div>
   <div class='ocr_carea' id='block_1_6' title="bbox 163 1287 1014 1511">
    <p class='ocr_par' dir='ltr' id='par_1_6' title="bbox 163 1287 1014 1511">
     <span class='ocr_line' id='line_1_17' title="bbox 163 1287 1014 1358; baseline 0.004 -18"><span class='ocrx_word' id='word_1_111' title='bbox 163 1305 298 1342; x_wconf 88' lang='lat' dir='ltr'>summum</span> <span class='ocrx_word' id='word_1_112' title='bbox 313 1290 430 1356; x_wconf 88' lang='lat' dir='ltr'>habere;</span> <span class='ocrx_word' id='word_1_113' title='bbox 447 1290 529 1343; x_wconf 87' lang='lat' dir='ltr'>aliter</span> <span class='ocrx_word' id='word_1_114' title='bbox 541 1291 599 1343; x_wconf 92' lang='lat' dir='ltr'>sine</span> <span class='ocrx_word' id='word_1_115' title='bbox 610 1288 705 1358; x_wconf 91' lang='lat' dir='ltr'>populi</span> <span class='ocrx_word' id='word_1_116' title='bbox 715 1287 797 1355; x_wconf 86' lang='lat' dir='ltr'>jussu</span> <span class='ocrx_word' id='word_1_117' title='bbox 808 1288 909 1342; x_wconf 90' lang='lat' dir='ltr'>nullius</span> <span class='ocrx_word' id='word_1_118' title='bbox 920 1306 1014 1343; x_wconf 87' lang='lat' dir='ltr'>earum</span> 
     </span>
     <span class='ocr_line' id='line_1_18' title="bbox 163 1365 489 1435; baseline 0.003 -18"><span class='ocrx_word' id='word_1_119' title='bbox 163 1381 254 1417; x_wconf 90' lang='lat' dir='ltr'>rerum</span> <span class='ocrx_word' id='word_1_120' title='bbox 267 1367 370 1419; x_wconf 90' lang='lat' dir='ltr'>consuli</span> <span class='ocrx_word' id='word_1_121' title='bbox 378 1365 427 1435; x_wconf 86' lang='lat' dir='ltr'>jus</span> <span class='ocrx_word' id='word_1_122' title='bbox 439 1369 489 1419; x_wconf 87' lang='lat' dir='ltr'>est.</span> 
     </span>
     <span class='ocr_line' id='line_1_19' title="bbox 216 1440 1014 1511; baseline 0.001 -16"><span class='ocrx_word' id='word_1_123' title='bbox 216 1446 257 1495; x_wconf 82' lang='lat'>30.</span> <span class='ocrx_word' id='word_1_124' title='bbox 294 1441 361 1495; x_wconf 85' lang='lat' dir='ltr'>Post</span> <span class='ocrx_word' id='word_1_125' title='bbox 376 1458 477 1511; x_wconf 88' lang='lat' dir='ltr'>paucos</span> <span class='ocrx_word' id='word_1_126' title='bbox 493 1441 554 1495; x_wconf 87' lang='lat' dir='ltr'>dies</span> <span class='ocrx_word' id='word_1_127' title='bbox 572 1441 601 1494; x_wconf 87' lang='lat' dir='ltr'>L.</span> <span class='ocrx_word' id='word_1_128' title='bbox 615 1440 728 1494; x_wconf 80' lang='lat' dir='ltr'>Saenius</span> <span class='ocrx_word' id='word_1_129' title='bbox 746 1443 856 1494; x_wconf 86' lang='lat' dir='ltr'>senator</span> <span class='ocrx_word' id='word_1_130' title='bbox 873 1441 901 1494; x_wconf 89' lang='lat' dir='ltr'>in</span> <span class='ocrx_word' id='word_1_131' title='bbox 918 1446 1014 1496; x_wconf 86' lang='lat' dir='ltr'>senatu</span> 
     </span>
    </p>
   </div>
   <div class='ocr_carea' id='block_1_7' title="bbox 67 1515 1014 1585">
    <p class='ocr_par' dir='ltr' id='par_1_7' title="bbox 67 1515 1014 1585">
     <span class='ocr_line' id='line_1_20' title="bbox 67 1515 1014 1585; baseline 0.003 -17"><span class='ocrx_word' id='word_1_132' title='bbox 67 1519 70 1525; x_wconf 84' lang='grc'><em>“</em></span> <span class='ocrx_word' id='word_1_133' title='bbox 164 1515 259 1570; x_wconf 84' lang='lat' dir='ltr'>literas</span> <span class='ocrx_word' id='word_1_134' title='bbox 277 1517 411 1584; x_wconf 78' lang='lat' dir='ltr'>recitavit,</span> <span class='ocrx_word' id='word_1_135' title='bbox 431 1534 499 1585; x_wconf 90' lang='lat' dir='ltr'>quas</span> <span class='ocrx_word' id='word_1_136' title='bbox 519 1516 642 1570; x_wconf 87' lang='lat' dir='ltr'>Faesulis</span> <span class='ocrx_word' id='word_1_137' title='bbox 661 1516 759 1570; x_wconf 84' lang='lat' dir='ltr'>allatas</span> <span class='ocrx_word' id='word_1_138' title='bbox 777 1516 829 1569; x_wconf 91' lang='lat' dir='ltr'>sibi</span> <span class='ocrx_word' id='word_1_139' title='bbox 849 1516 966 1584; x_wconf 86' lang='lat' dir='ltr'>dicebat,</span> <span class='ocrx_word' id='word_1_140' title='bbox 987 1519 1014 1571; x_wconf 91' lang='lat' dir='ltr'>in</span> 
     </span>
    </p>
   </div>
   <div class='ocr_carea' id='block_1_8' title="bbox 162 1591 1068 3257">
    <p class='ocr_par' dir='ltr' id='par_1_8' title="bbox 162 1591 1052 3108">
     <span class='ocr_line' id='line_1_21' title="bbox 165 1591 1014 1665; baseline 0.004 -21"><span class='ocrx_word' id='word_1_141' title='bbox 165 1591 265 1660; x_wconf 91' lang='lat' dir='ltr'>quibus</span> <span class='ocrx_word' id='word_1_142' title='bbox 287 1593 418 1661; x_wconf 84' lang='lat' dir='ltr'>scriptum</span> <span class='ocrx_word' id='word_1_143' title='bbox 439 1596 499 1647; x_wconf 87' lang='lat' dir='ltr'>erat</span> <span class='ocrx_word' id='word_1_144' title='bbox 525 1591 554 1646; x_wconf 84' lang='lat' dir='ltr'>C.</span> <span class='ocrx_word' id='word_1_145' title='bbox 574 1592 706 1645; x_wconf 88' lang='lat' dir='ltr'>Manlium</span> <span class='ocrx_word' id='word_1_146' title='bbox 728 1609 744 1644; x_wconf 90' lang='lat' dir='ltr'>a</span> <span class='ocrx_word' id='word_1_147' title='bbox 807 1609 843 1665; x_wconf 42' lang='grc'>,1</span> <span class='ocrx_word' id='word_1_148' title='bbox 881 1593 886 1605; x_wconf 92' lang='grc'>’</span> <span class='ocrx_word' id='word_1_149' title='bbox 917 1610 1014 1647; x_wconf 89' lang='lat' dir='ltr'>ecum</span> 
     </span>
     <span class='ocr_line' id='line_1_22' title="bbox 164 1668 1014 1736; baseline 0.004 -15"><span class='ocrx_word' id='word_1_150' title='bbox 164 1683 262 1736; x_wconf 78' lang='lat' dir='ltr'>magna</span> <span class='ocrx_word' id='word_1_151' title='bbox 275 1668 452 1723; x_wconf 89' lang='lat' dir='ltr'>multitudine</span> <span class='ocrx_word' id='word_1_152' title='bbox 467 1672 531 1723; x_wconf 90' lang='lat' dir='ltr'>ante</span> <span class='ocrx_word' id='word_1_153' title='bbox 548 1668 621 1721; x_wconf 89' lang='lat' dir='ltr'>diem</span> <span class='ocrx_word' id='word_1_154' title='bbox 636 1682 674 1721; x_wconf 81' lang='grc'>11.</span> <span class='ocrx_word' id='word_1_155' title='bbox 688 1668 742 1722; x_wconf 89' lang='lat' dir='ltr'>Kal</span> <span class='ocrx_word' id='word_1_156' title='bbox 798 1684 828 1722; x_wconf 92' lang='lat' dir='ltr'>as</span> <span class='ocrx_word' id='word_1_157' title='bbox 872 1668 1014 1725; x_wconf 88' lang='lat' dir='ltr'>ovembris.</span> 
     </span>
     <span class='ocr_line' id='line_1_23' title="bbox 164 1744 1015 1816; baseline 0.004 -19"><span class='ocrx_word' id='word_1_158' title='bbox 164 1744 258 1811; x_wconf 87' lang='lat' dir='ltr'>Simul,</span> <span class='ocrx_word' id='word_1_159' title='bbox 269 1746 299 1799; x_wconf 89' lang='lat' dir='ltr'>id</span> <span class='ocrx_word' id='word_1_160' title='bbox 314 1746 389 1814; x_wconf 90' lang='lat' dir='ltr'>quod</span> <span class='ocrx_word' id='word_1_161' title='bbox 404 1746 432 1799; x_wconf 92' lang='lat' dir='ltr'>iu</span> <span class='ocrx_word' id='word_1_162' title='bbox 449 1745 497 1800; x_wconf 91' lang='lat' dir='ltr'>tali</span> <span class='ocrx_word' id='word_1_163' title='bbox 511 1762 543 1799; x_wconf 88' lang='lat' dir='ltr'>re</span> <span class='ocrx_word' id='word_1_164' title='bbox 557 1745 634 1809; x_wconf 87' lang='lat' dir='ltr'>solet,</span> <span class='ocrx_word' id='word_1_165' title='bbox 649 1746 695 1798; x_wconf 91' lang='lat' dir='ltr'>alii</span> <span class='ocrx_word' id='word_1_166' title='bbox 711 1749 840 1814; x_wconf 88' lang='lat' dir='ltr'>portenta</span> <span class='ocrx_word' id='word_1_167' title='bbox 854 1750 938 1815; x_wconf 85' lang='lat' dir='ltr'>atque</span> <span class='ocrx_word' id='word_1_168' title='bbox 954 1764 1015 1816; x_wconf 81' lang='lat' dir='ltr'>pro</span> 
     </span>
     <span class='ocr_line' id='line_1_24' title="bbox 164 1820 1015 1892; baseline 0.006 -20"><span class='ocrx_word' id='word_1_169' title='bbox 164 1820 238 1888; x_wconf 79' lang='lat' dir='ltr'>digia</span> <span class='ocrx_word' id='word_1_170' title='bbox 263 1821 433 1889; x_wconf 88' lang='lat' dir='ltr'>nuntiabant,</span> <span class='ocrx_word' id='word_1_171' title='bbox 459 1822 504 1875; x_wconf 88' lang='lat' dir='ltr'>alii</span> <span class='ocrx_word' id='word_1_172' title='bbox 532 1825 681 1875; x_wconf 85' lang='lat' dir='ltr'>conventus</span> <span class='ocrx_word' id='word_1_173' title='bbox 706 1821 774 1888; x_wconf 85' lang='lat' dir='ltr'>fieri,</span> <span class='ocrx_word' id='word_1_174' title='bbox 799 1838 874 1875; x_wconf 87' lang='lat' dir='ltr'>arma</span> <span class='ocrx_word' id='word_1_175' title='bbox 902 1825 1015 1892; x_wconf 86' lang='lat' dir='ltr'>portari,</span> 
     </span>
     <span class='ocr_line' id='line_1_25' title="bbox 165 1897 1016 1968; baseline 0.004 -18"><span class='ocrx_word' id='word_1_176' title='bbox 165 1897 274 1966; x_wconf 79' lang='lat' dir='ltr'>Capuae</span> <span class='ocrx_word' id='word_1_177' title='bbox 289 1902 373 1966; x_wconf 90' lang='lat' dir='ltr'>atque</span> <span class='ocrx_word' id='word_1_178' title='bbox 388 1899 416 1951; x_wconf 94' lang='lat' dir='ltr'>in</span> <span class='ocrx_word' id='word_1_179' title='bbox 431 1899 531 1968; x_wconf 86' lang='lat' dir='ltr'>Apulia</span> <span class='ocrx_word' id='word_1_180' title='bbox 548 1898 646 1951; x_wconf 89' lang='lat' dir='ltr'>servile</span> <span class='ocrx_word' id='word_1_181' title='bbox 663 1897 764 1951; x_wconf 88' lang='lat' dir='ltr'>bollum</span> <span class='ocrx_word' id='word_1_182' title='bbox 776 1900 886 1952; x_wconf 88' lang='lat' dir='ltr'>moveri.</span> <span class='ocrx_word' id='word_1_183' title='bbox 925 1899 1016 1967; x_wconf 80' lang='lat' dir='ltr'>Igitur</span> 
     </span>
     <span class='ocr_line' id='line_1_26' title="bbox 163 1974 1016 2040; baseline 0.004 -14"><span class='ocrx_word' id='word_1_184' title='bbox 163 1975 251 2028; x_wconf 89' lang='lat' dir='ltr'>senati</span> <span class='ocrx_word' id='word_1_185' title='bbox 273 1974 385 2028; x_wconf 87' lang='lat' dir='ltr'>decreto</span> <span class='ocrx_word' id='word_1_186' title='bbox 407 1975 438 2039; x_wconf 80' lang='lat' dir='ltr'>Q.</span> <span class='ocrx_word' id='word_1_187' title='bbox 456 1975 576 2028; x_wconf 86' lang='lat' dir='ltr'>Marcius</span> <span class='ocrx_word' id='word_1_188' title='bbox 596 1974 656 2028; x_wconf 83' lang='lat' dir='ltr'>Rex</span> <span class='ocrx_word' id='word_1_189' title='bbox 678 1974 814 2040; x_wconf 84' lang='lat' dir='ltr'>Faesulas,</span> <span class='ocrx_word' id='word_1_190' title='bbox 836 1975 866 2040; x_wconf 80' lang='lat' dir='ltr'>Q.</span> <span class='ocrx_word' id='word_1_191' title='bbox 886 1976 1016 2029; x_wconf 87' lang='lat' dir='ltr'>Metellus</span> 
     </span>
     <span class='ocr_line' id='line_1_27' title="bbox 164 2050 1052 2120; baseline 0.001 -17"><span class='ocrx_word' id='word_1_192' title='bbox 164 2050 291 2104; x_wconf 77' lang='lat' dir='ltr'>Creticus</span> <span class='ocrx_word' id='word_1_193' title='bbox 306 2052 335 2104; x_wconf 93' lang='lat' dir='ltr'>in</span> <span class='ocrx_word' id='word_1_194' title='bbox 350 2052 480 2120; x_wconf 84' lang='lat' dir='ltr'>Apuliam</span> <span class='ocrx_word' id='word_1_195' title='bbox 497 2051 654 2119; x_wconf 90' lang='lat' dir='ltr'>circumque</span> <span class='ocrx_word' id='word_1_196' title='bbox 670 2066 703 2103; x_wconf 88' lang='lat' dir='ltr'>ea</span> <span class='ocrx_word' id='word_1_197' title='bbox 719 2051 778 2103; x_wconf 89' lang='lat' dir='ltr'>loca</span> <span class='ocrx_word' id='word_1_198' title='bbox 796 2050 871 2103; x_wconf 89' lang='lat' dir='ltr'>missi</span> <span class='ocrx_word' id='word_1_199' title='bbox 880 2072 886 2116; x_wconf 91' lang='grc'><strong>;</strong></span> <span class='ocrx_word' id='word_1_200' title='bbox 904 2051 932 2104; x_wconf 95' lang='lat' dir='ltr'>hi</span> <span class='ocrx_word' id='word_1_201' title='bbox 948 2052 1015 2105; x_wconf 90' lang='lat' dir='ltr'>utri·</span> <span class='ocrx_word' id='word_1_202' title='bbox 1043 2102 1052 2117; x_wconf 87' lang='grc'>,</span> 
     </span>
     <span class='ocr_line' id='line_1_28' title="bbox 163 2126 1016 2201; baseline 0.001 -22"><span class='ocrx_word' id='word_1_203' title='bbox 163 2143 217 2194; x_wconf 92' lang='lat' dir='ltr'>que</span> <span class='ocrx_word' id='word_1_204' title='bbox 231 2126 268 2201; x_wconf 80' lang='lat' dir='ltr'>ad</span> <span class='ocrx_word' id='word_1_205' title='bbox 279 2128 376 2182; x_wconf 89' lang='lat' dir='ltr'>urbem</span> <span class='ocrx_word' id='word_1_206' title='bbox 388 2128 569 2196; x_wconf 85' lang='lat' dir='ltr'>imperatores</span> <span class='ocrx_word' id='word_1_207' title='bbox 581 2130 666 2193; x_wconf 84' lang='lat' dir='ltr'>erant,</span> <span class='ocrx_word' id='word_1_208' title='bbox 680 2126 806 2195; x_wconf 88' lang='lat' dir='ltr'>impediti</span> <span class='ocrx_word' id='word_1_209' title='bbox 821 2143 856 2179; x_wconf 90' lang='lat' dir='ltr'>ne</span> <span class='ocrx_word' id='word_1_210' title='bbox 868 2127 1016 2195; x_wconf 89' lang='lat' dir='ltr'>triumpha-</span> 
     </span>
     <span class='ocr_line' id='line_1_29' title="bbox 162 2202 1015 2273; baseline 0.001 -18"><span class='ocrx_word' id='word_1_211' title='bbox 162 2207 226 2256; x_wconf 86' lang='lat' dir='ltr'>rent</span> <span class='ocrx_word' id='word_1_212' title='bbox 243 2204 379 2258; x_wconf 87' lang='lat' dir='ltr'>calumnia</span> <span class='ocrx_word' id='word_1_213' title='bbox 395 2220 550 2273; x_wconf 86' lang='lat' dir='ltr'>paucorum,</span> <span class='ocrx_word' id='word_1_214' title='bbox 570 2202 670 2272; x_wconf 90' lang='lat' dir='ltr'>quibus</span> <span class='ocrx_word' id='word_1_215' title='bbox 688 2203 778 2255; x_wconf 89' lang='lat' dir='ltr'>omnia</span> <span class='ocrx_word' id='word_1_216' title='bbox 798 2202 913 2256; x_wconf 87' lang='lat' dir='ltr'>honesta</span> <span class='ocrx_word' id='word_1_217' title='bbox 931 2206 1015 2270; x_wconf 86' lang='lat' dir='ltr'>atque</span> 
     </span>
     <span class='ocr_line' id='line_1_30' title="bbox 162 2278 1014 2348; baseline 0 -17"><span class='ocrx_word' id='word_1_218' title='bbox 162 2278 306 2333; x_wconf 89' lang='lat' dir='ltr'>inhonesta</span> <span class='ocrx_word' id='word_1_219' title='bbox 318 2280 437 2335; x_wconf 85' lang='lat' dir='ltr'>vendere</span> <span class='ocrx_word' id='word_1_220' title='bbox 449 2297 507 2333; x_wconf 89' lang='lat' dir='ltr'>mos</span> <span class='ocrx_word' id='word_1_221' title='bbox 520 2283 594 2344; x_wconf 88' lang='lat' dir='ltr'>erat;</span> <span class='ocrx_word' id='word_1_222' title='bbox 612 2280 661 2332; x_wconf 91' lang='lat' dir='ltr'>sed</span> <span class='ocrx_word' id='word_1_223' title='bbox 673 2283 815 2346; x_wconf 87' lang='lat' dir='ltr'>praetores</span> <span class='ocrx_word' id='word_1_224' title='bbox 828 2282 857 2344; x_wconf 76' lang='lat' dir='ltr'>Q.</span> <span class='ocrx_word' id='word_1_225' title='bbox 868 2279 1014 2348; x_wconf 86' lang='lat' dir='ltr'>Pompeius</span> 
     </span>
     <span class='ocr_line' id='line_1_31' title="bbox 163 2354 1012 2425; baseline -0.004 -17"><span class='ocrx_word' id='word_1_226' title='bbox 163 2355 252 2409; x_wconf 82' lang='lat' dir='ltr'>Rufus</span> <span class='ocrx_word' id='word_1_227' title='bbox 269 2357 397 2425; x_wconf 86' lang='lat' dir='ltr'>Capuam,</span> <span class='ocrx_word' id='word_1_228' title='bbox 415 2358 446 2421; x_wconf 81' lang='lat' dir='ltr'>Q.</span> <span class='ocrx_word' id='word_1_229' title='bbox 463 2355 593 2410; x_wconf 86' lang='lat' dir='ltr'>Metellus</span> <span class='ocrx_word' id='word_1_230' title='bbox 613 2355 692 2407; x_wconf 64' lang='lat' dir='ltr'>Celer</span> <span class='ocrx_word' id='word_1_231' title='bbox 710 2356 736 2407; x_wconf 92' lang='lat' dir='ltr'>iu</span> <span class='ocrx_word' id='word_1_232' title='bbox 757 2371 853 2421; x_wconf 82' lang='lat' dir='ltr'>agmm</span> <span class='ocrx_word' id='word_1_233' title='bbox 873 2354 1012 2421; x_wconf 88' lang='lat' dir='ltr'>Picenum,</span> 
     </span>
     <span class='ocr_line' id='line_1_32' title="bbox 162 2430 1014 2501; baseline -0.001 -17"><span class='ocrx_word' id='word_1_234' title='bbox 162 2431 259 2500; x_wconf 90' lang='lat' dir='ltr'>hisque</span> <span class='ocrx_word' id='word_1_235' title='bbox 274 2432 437 2501; x_wconf 88' lang='lat' dir='ltr'>permissum</span> <span class='ocrx_word' id='word_1_236' title='bbox 448 2432 490 2484; x_wconf 89' lang='lat' dir='ltr'>uti</span> <span class='ocrx_word' id='word_1_237' title='bbox 507 2448 558 2500; x_wconf 88' lang='lat' dir='ltr'>pro</span> <span class='ocrx_word' id='word_1_238' title='bbox 569 2434 695 2499; x_wconf 84' lang='lat' dir='ltr'>tompore</span> <span class='ocrx_word' id='word_1_239' title='bbox 709 2433 792 2498; x_wconf 88' lang='lat' dir='ltr'>atque</span> <span class='ocrx_word' id='word_1_240' title='bbox 806 2430 925 2499; x_wconf 87' lang='lat' dir='ltr'>periculo</span> <span class='ocrx_word' id='word_1_241' title='bbox 938 2446 1014 2483; x_wconf 83' lang='lat' dir='ltr'>exer-</span> 
     </span>
     <span class='ocr_line' id='line_1_33' title="bbox 162 2504 1013 2577; baseline -0.002 -16"><span class='ocrx_word' id='word_1_242' title='bbox 162 2508 247 2561; x_wconf 87' lang='lat' dir='ltr'>citum</span> <span class='ocrx_word' id='word_1_243' title='bbox 267 2511 487 2577; x_wconf 60' lang='lat' dir='ltr'>compararent...</span> <span class='ocrx_word' id='word_1_244' title='bbox 509 2507 557 2561; x_wconf 83' lang='lat' dir='ltr'>Ad</span> <span class='ocrx_word' id='word_1_245' title='bbox 577 2507 634 2573; x_wconf 83' lang='lat' dir='ltr'>hoc,</span> <span class='ocrx_word' id='word_1_246' title='bbox 656 2507 678 2558; x_wconf 86' lang='lat' dir='ltr'>si</span> <span class='ocrx_word' id='word_1_247' title='bbox 700 2506 767 2577; x_wconf 61' lang='lat' dir='ltr'>quisx</span> <span class='ocrx_word' id='word_1_248' title='bbox 782 2505 956 2559; x_wconf 83' lang='lat' dir='ltr'>indicavisset</span> <span class='ocrx_word' id='word_1_249' title='bbox 976 2504 1013 2559; x_wconf 89' lang='lat' dir='ltr'>de</span> 
     </span>
     <span class='ocr_line' id='line_1_34' title="bbox 163 2580 1014 2653; baseline -0.001 -18"><span class='ocrx_word' id='word_1_250' title='bbox 163 2583 357 2652; x_wconf 89' lang='lat' dir='ltr'>conjuratione,</span> <span class='ocrx_word' id='word_1_251' title='bbox 366 2601 438 2653; x_wconf 89' lang='lat' dir='ltr'>quae</span> <span class='ocrx_word' id='word_1_252' title='bbox 450 2587 546 2637; x_wconf 88' lang='lat' dir='ltr'>contra</span> <span class='ocrx_word' id='word_1_253' title='bbox 557 2600 616 2636; x_wconf 88' lang='lat' dir='ltr'>rem</span> <span class='ocrx_word' id='word_1_254' title='bbox 628 2580 764 2650; x_wconf 90' lang='lat' dir='ltr'>publicam</span> <span class='ocrx_word' id='word_1_255' title='bbox 776 2582 847 2634; x_wconf 84' lang='lat' dir='ltr'>lacta</span> <span class='ocrx_word' id='word_1_256' title='bbox 859 2584 926 2645; x_wconf 89' lang='lat' dir='ltr'>erat,</span> <span class='ocrx_word' id='word_1_257' title='bbox 937 2597 1014 2649; x_wconf 86' lang='lat' dir='ltr'>prae·</span> 
     </span>
     <span class='ocr_line' id='line_1_35' title="bbox 162 2656 1011 2723; baseline -0.004 -12"><span class='ocrx_word' id='word_1_258' title='bbox 162 2658 247 2712; x_wconf 88' lang='lat' dir='ltr'>mium</span> <span class='ocrx_word' id='word_1_259' title='bbox 267 2660 413 2714; x_wconf 87' lang='lat' dir='ltr'>decrevere</span> <span class='ocrx_word' id='word_1_260' title='bbox 432 2676 510 2713; x_wconf 71' lang='lat' dir='ltr'>serso</span> <span class='ocrx_word' id='word_1_261' title='bbox 529 2658 685 2711; x_wconf 85' lang='lat' dir='ltr'>libertatem</span> <span class='ocrx_word' id='word_1_262' title='bbox 705 2661 734 2711; x_wconf 89' lang='lat' dir='ltr'>et</span> <span class='ocrx_word' id='word_1_263' title='bbox 751 2657 877 2710; x_wconf 87' lang='lat' dir='ltr'>sestertia</span> <span class='ocrx_word' id='word_1_264' title='bbox 892 2656 1011 2723; x_wconf 66' lang='lat' dir='ltr'>contum,</span> 
     </span>
     <span class='ocr_line' id='line_1_36' title="bbox 162 2731 1013 2806; baseline -0.004 -20"><span class='ocrx_word' id='word_1_265' title='bbox 162 2733 249 2789; x_wconf 90' lang='lat' dir='ltr'>libero</span> <span class='ocrx_word' id='word_1_266' title='bbox 265 2736 529 2806; x_wconf 72' lang='lat' dir='ltr'>impunitatemsjus</span> <span class='ocrx_word' id='word_1_267' title='bbox 544 2736 584 2788; x_wconf 89' lang='lat' dir='ltr'>rei</span> <span class='ocrx_word' id='word_1_268' title='bbox 599 2737 628 2788; x_wconf 92' lang='lat' dir='ltr'>et</span> <span class='ocrx_word' id='word_1_269' title='bbox 642 2734 770 2787; x_wconf 88' lang='lat' dir='ltr'>sestertia</span> <span class='ocrx_word' id='word_1_270' title='bbox 784 2732 916 2796; x_wconf 84' lang='lat' dir='ltr'>ducenta3</span> <span class='ocrx_word' id='word_1_271' title='bbox 933 2731 1013 2784; x_wconf 90' lang='lat' dir='ltr'>item-</span> 
     </span>
     <span class='ocr_line' id='line_1_37' title="bbox 163 2807 1013 2879; baseline -0.007 -15"><span class='ocrx_word' id='word_1_272' title='bbox 163 2827 217 2879; x_wconf 90' lang='lat' dir='ltr'>que</span> <span class='ocrx_word' id='word_1_273' title='bbox 236 2811 388 2878; x_wconf 78' lang='lat' dir='ltr'>decrevem,</span> <span class='ocrx_word' id='word_1_274' title='bbox 404 2811 445 2864; x_wconf 90' lang='lat' dir='ltr'>uti</span> <span class='ocrx_word' id='word_1_275' title='bbox 463 2809 642 2878; x_wconf 83' lang='lat' dir='ltr'>gladiatoriae</span> <span class='ocrx_word' id='word_1_276' title='bbox 660 2809 778 2861; x_wconf 80' lang='lat' dir='ltr'>familiae</span> <span class='ocrx_word' id='word_1_277' title='bbox 796 2807 917 2875; x_wconf 87' lang='lat' dir='ltr'>Capuam</span> <span class='ocrx_word' id='word_1_278' title='bbox 937 2809 966 2860; x_wconf 89' lang='lat' dir='ltr'>et</span> <span class='ocrx_word' id='word_1_279' title='bbox 984 2807 1013 2858; x_wconf 94' lang='lat' dir='ltr'>in</span> 
     </span>
     <span class='ocr_line' id='line_1_38' title="bbox 162 2880 1026 2956; baseline -0.009 -15"><span class='ocrx_word' id='word_1_280' title='bbox 162 2890 256 2940; x_wconf 80' lang='lat' dir='ltr'>cetera</span> <span class='ocrx_word' id='word_1_281' title='bbox 274 2887 419 2956; x_wconf 88' lang='lat' dir='ltr'>municipia</span> <span class='ocrx_word' id='word_1_282' title='bbox 438 2886 671 2940; x_wconf 82' lang='lat' dir='ltr'>distribuerentur</span> <span class='ocrx_word' id='word_1_283' title='bbox 689 2901 739 2952; x_wconf 87' lang='lat' dir='ltr'>pro</span> <span class='ocrx_word' id='word_1_284' title='bbox 757 2883 888 2951; x_wconf 88' lang='lat' dir='ltr'>cujusque</span> <span class='ocrx_word' id='word_1_285' title='bbox 906 2880 1026 2950; x_wconf 71' lang='lat' dir='ltr'>opibus,</span> 
     </span>
     <span class='ocr_line' id='line_1_39' title="bbox 163 2956 1013 3032; baseline -0.008 -16"><span class='ocrx_word' id='word_1_286' title='bbox 163 2962 268 3017; x_wconf 88' lang='lat' dir='ltr'>Romae</span> <span class='ocrx_word' id='word_1_287' title='bbox 290 2981 341 3032; x_wconf 88' lang='lat' dir='ltr'>per</span> <span class='ocrx_word' id='word_1_288' title='bbox 364 2965 451 3017; x_wconf 89' lang='lat' dir='ltr'>totam</span> <span class='ocrx_word' id='word_1_289' title='bbox 475 2961 573 3015; x_wconf 90' lang='lat' dir='ltr'>urbem</span> <span class='ocrx_word' id='word_1_290' title='bbox 597 2961 706 3027; x_wconf 83' lang='lat' dir='ltr'>vigiliae</span> <span class='ocrx_word' id='word_1_291' title='bbox 727 2959 901 3023; x_wconf 83' lang='lat' dir='ltr'>haberentur,</span> <span class='ocrx_word' id='word_1_292' title='bbox 924 2956 1013 3024; x_wconf 87' lang='lat' dir='ltr'>iisque</span> 
     </span>
     <span class='ocr_line' id='line_1_40' title="bbox 162 3038 793 3108; baseline -0.008 -16"><span class='ocrx_word' id='word_1_293' title='bbox 162 3039 282 3093; x_wconf 85' lang='lat' dir='ltr'>minores</span> <span class='ocrx_word' id='word_1_294' title='bbox 294 3040 472 3107; x_wconf 86' lang='lat' dir='ltr'>magistratus</span> <span class='ocrx_word' id='word_1_295' title='bbox 484 3040 650 3108; x_wconf 87' lang='lat' dir='ltr'>praeessent.</span> <span class='ocrx_word' id='word_1_296' title='bbox 755 3058 760 3071; x_wconf 45' lang='lat'>¹·</span> <span class='ocrx_word' id='word_1_297' title='bbox 786 3038 793 3044; x_wconf 82' lang='lat'><em>&#39;</em></span> 
     </span>
    </p>

    <p class='ocr_par' dir='ltr' id='par_1_9' title="bbox 163 3106 1068 3257">
     <span class='ocr_line' id='line_1_41' title="bbox 217 3106 1068 3183; baseline -0.018 -13"><span class='ocrx_word' id='word_1_298' title='bbox 217 3120 257 3170; x_wconf 88' lang='grc'>31.</span> <span class='ocrx_word' id='word_1_299' title='bbox 294 3115 398 3181; x_wconf 81' lang='lat' dir='ltr'>Quibus</span> <span class='ocrx_word' id='word_1_300' title='bbox 417 3114 499 3170; x_wconf 88' lang='lat' dir='ltr'>rebus</span> <span class='ocrx_word' id='word_1_301' title='bbox 518 3115 643 3183; x_wconf 87' lang='lat' dir='ltr'>permota</span> <span class='ocrx_word' id='word_1_302' title='bbox 656 3109 753 3163; x_wconf 82' lang='lat' dir='ltr'>civitas</span> <span class='ocrx_word' id='word_1_303' title='bbox 768 3111 852 3173; x_wconf 89' lang='lat' dir='ltr'>atque</span> <span class='ocrx_word' id='word_1_304' title='bbox 868 3106 1014 3158; x_wconf 86' lang='lat' dir='ltr'>immutata</span> <span class='ocrx_word' id='word_1_305' title='bbox 1065 3116 1068 3120; x_wconf 83' lang='lat'>·</span> 
     </span>
     <span class='ocr_line' id='line_1_42' title="bbox 163 3179 1013 3257; baseline -0.018 -12"><span class='ocrx_word' id='word_1_306' title='bbox 163 3191 241 3246; x_wconf 87' lang='lat' dir='ltr'>urbis</span> <span class='ocrx_word' id='word_1_307' title='bbox 250 3192 334 3247; x_wconf 85' lang='lat' dir='ltr'>facies</span> <span class='ocrx_word' id='word_1_308' title='bbox 343 3195 418 3257; x_wconf 87' lang='lat' dir='ltr'>crat;</span> <span class='ocrx_word' id='word_1_309' title='bbox 435 3208 470 3246; x_wconf 81' lang='lat' dir='ltr'>ex</span> <span class='ocrx_word' id='word_1_310' title='bbox 483 3205 589 3243; x_wconf 89' lang='lat' dir='ltr'>summa</span> <span class='ocrx_word' id='word_1_311' title='bbox 600 3185 707 3240; x_wconf 88' lang='lat' dir='ltr'>laetitia</span> <span class='ocrx_word' id='word_1_312' title='bbox 717 3186 801 3249; x_wconf 88' lang='lat' dir='ltr'>atque</span> <span class='ocrx_word' id='word_1_313' title='bbox 812 3179 930 3244; x_wconf 81' lang='lat' dir='ltr'>lascivia,</span> <span class='ocrx_word' id='word_1_314' title='bbox 942 3195 1013 3247; x_wconf 85' lang='lat' dir='ltr'>quac</span> 
     </span>
    </p>
   </div>
   <div class='ocr_carea' id='block_1_9' title="bbox 0 0 1142 3425">
    <p class='ocr_par' dir='ltr' id='par_1_10' title="bbox 0 0 1142 3425">
     <span class='ocr_line' id='line_1_43' title="bbox 0 0 1142 3425; baseline 0 0"><span class='ocrx_word' id='word_1_315' title='bbox 0 0 1142 3425; x_wconf 95' lang='lat' dir='ltr'> </span> 
     </span>
    </p>
   </div>
  </div>
 </body>
</html>
