2275 3425
480 112 689 175 succesum
975 128 1006 174 ee

159 210 325 276 quamquam
347 205 445 276 opibus
463 206 519 261 suis
539 206 697 274 confideret,
716 209 809 262 tamen
831 221 886 259 non
904 204 1008 262 debere

159 284 264 337 incerta
283 299 335 351 pro
355 282 439 337 certis
458 287 582 348 mutare3
608 300 688 337 omne
707 283 810 338 bellum
833 282 903 337 sumi
921 284 1008 349 facile,

158 362 282 413 ceterum
296 374 457 426 aegerrume
468 357 610 422 desinere;
627 375 681 412 non
692 359 720 412 in
733 358 857 427 ejusdem
869 363 1008 428 potestate

157 434 267 490 initium
279 434 340 502 ejus
352 437 382 488 et
393 434 475 488 finem
490 449 565 499 esse3
582 434 703 503 incipere
714 435 799 489 cuivis
814 437 898 489 etiam
909 435 1008 503 ignavo

159 509 256 577 licerc;
274 511 375 580 deponi
394 526 479 579 quum
495 509 613 564 victores
628 511 729 576 velint;
746 511 930 581 proindesibi
948 526 1009 579 reg·

159 604 250 658 noque
262 605 311 641 suo
325 588 485 652 consuleret,
499 602 553 640 neu
567 586 690 641 florentis
701 603 745 641 res
756 604 819 641 suas
831 604 892 642 cum
905 587 1008 656 lugur-

158 664 225 718 thae
241 664 359 734 perditis
374 663 508 717 misceret.
546 662 593 716 Ad
610 679 643 717 ea
658 665 790 718 rexsatis
805 663 913 734 placide
924 663 1008 718 verba

158 740 237 795 iacit:
262 757 323 794 sese
341 756 445 809 pacem·
460 755 567 807 cupere,
587 739 637 794 sed
657 740 814 808 {Iugurthae
836 740 1008 794 fortunarum

159 817 297 883 misereri3
315 817 338 870 si
354 816 450 870 eadem
468 816 508 868 illi
527 815 606 884 copia
623 815 711 882 fieret,
728 816 819 869 omnia
835 819 1007 870 conventura

160 891 266 947 Rursus
279 894 429 962 imperator
444 894 539 945 contra
554 891 694 960 postulata
709 892 810 946 Bocchi
824 893 934 946 nuntios
947 893 1008 946 mit

159 969 211 1034 tit3
228 969 273 1023 ille
286 968 404 1038 probare
418 968 526 1037 partim,
541 967 595 1021 alia
610 967 739 1022 abnuere.
775 969 816 1022 Eo
831 969 913 1022 modo
925 985 1008 1038 saepe

159 1044 195 1098 ab
205 1048 323 1114 utroque
332 1045 422 1098 missis
431 1044 606 1112 remissisque
617 1044 722 1098 nuntiis
733 1047 842 1112 tempus
850 1044 1007 1114 procedere,

160 1124 235 1175 etex
247 1121 353 1176 Metelli
364 1120 504 1175 voluntate
515 1119 618 1174 bellum
630 1120 762 1173 intactum
774 1120 853 1173 trabi.

211 1203 252 1253 84.
288 1199 329 1252 At
349 1197 461 1265 Marius,
483 1197 517 1249 ut
539 1212 623 1264 supra
645 1195 771 1262 diximus,
795 1195 1008 1265 cupientissuma

159 1272 239 1342 plebe
255 1273 347 1327 consul
360 1273 457 1340 iaetus,
472 1273 618 1341 postquam
630 1271 656 1325 ei
668 1271 831 1340 provinciam
848 1271 1007 1326 Numidiam

160 1349 274 1417 populus
288 1348 392 1419 jussit,
402 1351 485 1401 antea
499 1345 559 1415 jam
574 1347 690 1401 infestus
705 1347 850 1414 nobilitati,
866 1352 926 1401 tum
942 1365 1007 1403 vero

160 1425 262 1478 multus
280 1429 364 1493 atque
380 1423 458 1477 ferox
476 1423 587 1490 instare,
608 1422 727 1490 singulos
746 1423 835 1492 modo,
852 1423 934 1477 modo
948 1425 1007 1478 uni-

160 1517 252 1555 versos
265 1500 390 1565 laedere;
407 1498 536 1553 dictitare
551 1515 611 1552 sese
627 1498 797 1552 consulatum
813 1515 848 1553 ex
859 1500 940 1554 victis
952 1500 1007 1555 illis

160 1577 246 1645 spolia
257 1576 377 1646 cepisse3
394 1575 448 1629 alia
462 1577 608 1643 praeterea
627 1574 771 1643 magnifica
789 1590 839 1643 pro
858 1591 888 1629 se
905 1578 935 1629 et
952 1575 1007 1631 illis

160 1653 289 1707 dolentia.
324 1652 440 1707 Interim
453 1667 523 1720 quae
536 1650 609 1704 bello
620 1666 688 1720 opus
699 1654 779 1704 eraut
792 1652 880 1721 prima
891 1651 1007 1719 habere;

159 1730 299 1799 postulare
311 1727 462 1797 legionibus
478 1727 704 1796 supplementum,
719 1728 820 1781 auxilia
831 1745 848 1782 a
859 1729 966 1798 populis
977 1734 1007 1784 et

160 1806 269 1873 regibus
288 1806 423 1873 sociisque
441 1819 588 1870 arcessere,
603 1807 748 1871 praeterea
766 1821 801 1858 ex
820 1804 899 1859 Latio
915 1805 1007 1859 fortis-

160 1897 267 1935 sumum
280 1896 424 1950 quemque,
440 1879 586 1948 plerosque
604 1878 725 1947 militiae,
736 1895 836 1948 paucos
854 1881 927 1933 fama
945 1897 1007 1949 cog-

160 1957 234 2011 nitos
253 1958 348 2024 accire,
361 1958 390 2009 et
408 1954 554 2009 ambiundo
572 1970 669 2022 eogere
686 1954 810 2010 homines
825 1956 947 2010 emeritis
959 1958 1007 2011 sti-

159 2031 267 2101 pendiis
286 2032 389 2101 [secum
404 2029 556 2100 proficisci}
593 2030 691 2099 Neque
713 2031 753 2085 illi
772 2036 889 2100 senatus,
913 2049 1007 2101 quam·

160 2124 243 2177 quam
262 2109 392 2162 advorsus
410 2111 477 2175 erat,
496 2106 532 2161 de
549 2106 605 2159 ullo
617 2106 727 2175 negotio
739 2106 860 2162 abnuere
871 2108 991 2164 audebat
1000 2130 1007 2176 3

159 2187 281 2239 ceterum
297 2184 516 2252 supplementum
534 2183 618 2236 etiam
640 2183 730 2237 laetus
752 2184 920 2253 decreverat,
942 2185 1008 2254 quia

157 2277 247 2329 neque
256 2259 329 2329 plebi
338 2258 436 2313 militia
443 2258 547 2312 volenti
558 2258 716 2327 putabatur,
729 2262 759 2313 et
771 2260 875 2315 Marius
884 2264 933 2316 aut
941 2262 1007 2316 belli

159 2351 239 2389 usum
259 2340 307 2389 aut
326 2334 418 2388 studia
432 2333 504 2401 volgi
525 2333 681 2388 amissurus.
717 2335 772 2389 Sed
789 2353 821 2390 ea
839 2355 885 2392 res
902 2338 1008 2391 frustra

160 2414 270 2480 sperata
276 2431 284 2477 ;
306 2413 385 2469 tanta
401 2408 496 2463 lubido
513 2426 575 2463 cum
595 2409 683 2465 Mario
702 2412 785 2466 eundi
804 2413 948 2482 plerosque
966 2414 1007 2465 in-

159 2490 274 2542 vaserat.
311 2486 377 2542 Sese
393 2486 508 2555 quisque
524 2485 629 2554 praeda
647 2485 811 2555 locupletem
826 2490 894 2556 fore,
907 2490 1007 2542 victor-

159 2579 203 2617 em
215 2564 327 2617 domum
344 2562 505 2628 rediturum,
523 2562 576 2615 alia
594 2561 782 2630 hujuscemodi
800 2564 897 2618 animis
915 2564 1006 2618 trabe-

158 2637 234 2709 bant,
246 2643 275 2694 et
287 2655 334 2694 eos
348 2655 402 2692 non
414 2638 524 2707 paulum
539 2638 663 2693 oratione
677 2656 726 2692 sua
740 2640 844 2693 Marius
856 2643 1004 2693 arrexerat

159 2716 185 2769 N
186 2733 230 2770 am
242 2718 385 2784 postquam
402 2714 527 2768 omuibus
543 2730 613 2782 quae
628 2715 815 2783 postulaverat
826 2713 945 2768 decretis
956 2714 1006 2767 mi-

158 2792 221 2847 lites
233 2791 351 2845 seribere
361 2789 427 2858 volt,
438 2788 566 2843 hortandi
578 2806 680 2857 caussa,
693 2790 773 2844 simul
784 2794 814 2845 et
824 2788 1005 2863 nobilitatem,

157 2870 199 2923 uti
211 2870 394 2934 consueverat,
407 2865 570 2934 exagitandi,
584 2865 738 2920 contionem
752 2866 844 2935 populi
856 2864 1004 2920 advocavit.

158 2942 266 2998 Deinde
277 2943 328 2997 hoc
339 2942 420 2995 modo
432 2941 574 2995 dissentit:

210 3025 251 3074 85.
282 3019 367 3073 “Scio
382 3033 440 3086 ego,
458 3017 585 3084 Quirites,
600 3016 745 3084 plerosque
762 3032 816 3068 non
832 3014 921 3069 isdem
939 3018 1005 3071 arti-

158 3095 210 3149 bus
228 3094 372 3164 imperium
387 3111 405 3147 a
415 3092 493 3146 vobis
506 3095 604 3161 pctore
620 3093 649 3143 et
665 3093 809 3158 postquam
827 3089 922 3158 adepti
941 3097 1005 3146 sunt

157 3188 270 3240 gerere;
287 3171 376 3240 primo
392 3167 549 3232 industrios,
567 3164 703 3232 supplicis,
718 3164 840 3219 modicos
857 3179 924 3231 esse,
940 3164 1004 3219 dein
