2275 3425
470 109 490 158 J
493 108 679 158 UGURTHA.
969 115 999 159 99

151 190 219 244 dere
230 205 261 244 aa
272 190 619 264 plerosquqtautummodc
636 193 765 261 sauciare,
782 194 845 247 dein
862 211 944 263 super
958 213 1000 249 oc-

151 267 269 321 cisorum
284 282 397 335 corpora
413 267 521 334 radere,
535 267 608 320 avidi
625 268 727 336 gloriae
743 272 881 323 certantes
892 287 1000 324 murum

150 345 254 411 petere,
271 358 361 410 neque
378 359 542 411 quemquam
555 344 675 397 omnium
691 344 794 411 praeda
811 346 920 399 morari.
956 347 1001 400 Sic

151 419 223 472 forte
236 422 359 471 correcta
375 418 446 471 Mari
462 420 604 472 temeritas
618 418 733 486 gloriam
745 437 780 473 ex
793 421 872 489 culpa
888 423 999 476 invenit.

204 498 244 546 95.
280 494 410 548 Ceterum
424 494 490 546 dum
506 510 539 547 ea
554 511 599 548 res
615 496 729 563 geritur,
742 495 773 548 L.
786 496 860 550 Sulla
872 500 1001 564 quaestor

151 586 214 624 cum
225 587 324 637 magno
336 569 460 637 equitatu
472 570 501 622 in
513 574 603 623 castra
614 571 697 637 venit,
710 586 778 638 quos
789 574 822 624 ut
833 587 868 624 er
880 573 959 626 Latio
972 577 1001 627 et

151 662 169 699 a
181 646 258 699 sociis
271 649 381 713 cogeret
397 645 499 698 Romae
515 645 627 699 relictus
642 649 708 699 erat.
746 645 802 700 Sed
814 649 938 715 quoniam
952 666 1001 702 nos

152 722 223 776 tanti
234 722 285 775 riri
304 738 348 774 res
368 720 517 787 admonuit,
534 721 662 794 idoneum
677 722 766 776 visum
785 725 829 777 est
847 723 883 777 de
903 729 1001 779 natura

130 816 133 822 ·
152 798 281 865 cultuque
302 796 362 864 ejus
380 797 473 865 paucis
491 796 598 868 dicere;
618 813 706 865 neque
726 798 798 851 enim
818 797 870 851 alio
889 799 1001 854 loco'de

153 873 243 926 Sullae
267 872 350 926 rebus
372 871 472 926 dicturi
496 889 596 940 sumus,
615 873 692 935 et,L.
711 873 825 928 Sisenna
842 878 954 943 optume
972 880 1001 930 et

153 948 368 1015 diligentissume
389 949 507 1001 omnium
529 948 576 1016 qui
598 965 644 1001 eas
663 965 707 1000 res
726 948 823 1002 dixere
841 955 1000 1018 persecutus

152 1040 248 1091 parum
268 1024 334 1077 mihi
353 1023 441 1077 libero
462 1041 509 1077 ore
533 1024 640 1076 loeutus
658 1022 777 1077 videtur.
815 1025 906 1092 Igitur
925 1027 1001 1080 Sulla

152 1100 241 1166 gentis
252 1100 382 1167 patriciae
393 1098 491 1165 nobilis
502 1099 564 1165 fuit,
579 1099 680 1151 familia
696 1115 781 1167 prope
793 1098 853 1167 jam
866 1102 1000 1155 exstincta

152 1175 285 1242 majorum
306 1174 421 1242 ignavia,
442 1174 542 1229 litteris
564 1173 676 1228 Graecis
695 1178 778 1242 atque
796 1176 901 1229 Latinis
916 1176 1000 1244 juxta

151 1254 235 1319 atquc
252 1251 417 1304 doctissume
436 1250 569 1316 eruditus,
589 1250 678 1303 annuo
695 1251 808 1318 ingenti,
828 1252 942 1320 cupidus
953 1270 999 1306 vo-

151 1327 295 1395 luptatum,
315 1327 365 1380 sed
385 1326 486 1394 gloriae
509 1325 649 1393 cupidior3
676 1326 732 1379 otio
750 1326 888 1381 luxurioso
909 1328 998 1398 [esse],

151 1406 243 1457 tamen
266 1404 301 1457 ab
320 1402 437 1470 negotiis
456 1418 606 1470 numquam
629 1401 755 1469 voluptas
778 1406 922 1470 remorata,
946 1405 999 1458 nisi

152 1479 227 1548 quod
239 1479 273 1531 de
284 1495 368 1532 uxore
380 1478 471 1547 potuit
486 1477 627 1531 honestius
640 1477 758 1542 cousuli;
775 1477 914 1545 facundus,
926 1479 999 1533 calli-

151 1554 203 1607 dus
224 1559 252 1609 et
270 1554 389 1608 amicitia
408 1553 510 1618 facilis;
530 1552 567 1605 ad
582 1551 734 1606 simulanda
753 1554 862 1621 negotia
880 1554 998 1609 altitudo

150 1630 242 1698 ingeni
254 1629 437 1694 incredibilis;
453 1630 602 1682 multarum
618 1645 710 1682 rerum
728 1646 760 1683 ac
778 1646 905 1685 maxume
918 1646 998 1698 pecu-

150 1706 213 1760 niae
224 1707 343 1774 largitor.
381 1706 475 1774 Atque
492 1705 532 1758 llli
547 1705 712 1760 felicissumo
729 1705 848 1758 omnium
860 1709 924 1760 ante
935 1705 998 1760 civi-

150 1781 204 1836 lem
216 1784 357 1836 victoriam
372 1788 520 1850 numquam
537 1798 620 1850 super
633 1782 797 1835 industriam
813 1782 923 1835 fortuna
936 1783 997 1848 fuit,

151 1858 285 1926 multique
296 1858 457 1911 dubitavere
465 1857 562 1910 tortior
570 1872 606 1909 an
614 1857 717 1910 felicior
729 1860 817 1921 esset;
829 1873 891 1909 nam
903 1860 998 1926 postea

152 1950 222 2001 quae
239 1934 337 1987 fecerit
349 1934 490 2003 [incertum
508 1930 597 1985 habeo
619 1932 723 2000 pudeat
745 1931 832 1999 magis
852 1947 887 1985 an
905 1932 999 2001 pigeat

152 2009 294 2063 disserere.
761 2047 764 2052 >

203 2092 244 2140 96.
279 2085 370 2153 Igitur
382 2085 465 2164 Sulla,
479 2084 522 2138 uti
536 2101 619 2153 supra
633 2084 737 2139 dictum
750 2087 800 2152 est,
813 2086 957 2153 postquam
969 2085 997 2138 in

152 2162 274 2215 Africam
286 2165 369 2229 atque
380 2161 408 2213 in
420 2164 510 2214 castra
526 2161 598 2214 Mari
614 2178 676 2214 cum
690 2161 815 2228 equitatu
826 2161 909 2228 venit,
919 2160 998 2213 rudis

151 2240 233 2291 antea
245 2241 274 2291 et
288 2237 399 2305 ignarus
413 2236 486 2302 belli,
502 2236 712 2289 sollertissumus
728 2236 847 2290 omnium
861 2236 889 2290 in
904 2237 998 2305 paucis

150 2312 362 2382 tempestatibus
373 2312 461 2366 factus
472 2315 521 2365 est.
547 2313 595 2366 Ad
606 2312 657 2365 hoc
668 2312 769 2366 milites
780 2312 897 2381 benigne
908 2313 998 2382 appel-

151 2389 215 2455 lare,
228 2389 320 2443 multis
333 2388 499 2455 rogantibus,
513 2387 574 2441 aliis
590 2404 641 2456 per
657 2405 686 2441 se
702 2388 761 2456 ipse
775 2387 842 2442 dare
858 2387 997 2455 beneficia,

151 2466 252 2518 invitus
266 2466 395 2532 accipere,
412 2463 462 2517 sed
473 2480 506 2517 ea
516 2463 708 2531 properantius
720 2480 801 2530 quam
814 2481 860 2517 aes
871 2468 997 2518 mutuum

151 2541 275 2607 reddere,
286 2542 346 2608 ipse
357 2540 393 2593 ab
405 2539 478 2592 nullo
489 2542 623 2606 repetere,
635 2540 722 2606 magis
733 2539 764 2592 id
779 2539 902 2593 laborare
914 2541 947 2593 ut
957 2539 997 2592 illi

151 2633 233 2684 quam
250 2616 369 2685 plurumi
385 2615 527 2682 deberent,
537 2613 602 2681 joca
619 2618 704 2683 atque
719 2615 788 2669 seria
800 2630 860 2668 cum
872 2613 998 2667 humillu-

151 2693 202 2745 mis
225 2709 313 2760 agere,
336 2692 364 2745 in
387 2690 523 2757 operibus,
547 2691 576 2742 in
597 2690 705 2758 agmine
729 2693 812 2758 atque
835 2688 872 2742 ad
891 2689 997 2756 vigilias

150 2769 252 2822 multus
263 2768 368 2835 adesse,
379 2783 469 2834 neque
479 2766 598 2831 interim,
612 2765 686 2834 quod
698 2781 783 2834 prava
794 2764 907 2817 ambitio
920 2765 996 2832 solet,

110 2895 114 2904 ,
151 2840 997 2911 crinsulisautcujusquam,bonifamamlaedere,tautumm0do

150 2935 238 2988 neque
247 2919 358 2974 consilio
366 2935 456 2986 neque
468 2934 550 2990 manu
562 2917 681 2984 priorem
691 2916 773 2969 alium
781 2914 846 2982 pati,
854 2914 997 2983 plerosque

150 2995 315 3049 antevenire.
351 2994 418 3059 Quis
436 2992 518 3047 rebus
535 2995 564 3045 et
581 2991 686 3046 artibus
706 2990 783 3044 brevi
799 2990 889 3042 Mario
904 2988 997 3043 militi-

148 3069 256 3138 busque
267 3070 429 3124 carissumus
441 3068 536 3121 factus.

201 3150 243 3206 97.
279 3147 320 3201 At
330 3144 478 3213 Jugurtha,
490 3144 635 3212 postquam
647 3139 777 3209 oppidum
791 3138 906 3206 capsam
918 3137 996 3191 alios-⁴
