2275 3425
139 100 172 152 84
385 102 413 150 0.
431 99 608 150 SALLUSTI
624 99 742 148 CRISPI

139 184 259 238 Marium
267 183 358 252 jussit
394 182 450 237 Sed
463 185 574 236 senatus
584 181 666 250 paulo
678 184 743 235 ante
755 178 870 234 Metello
882 177 920 248 [N
921 177 989 232 umi-

140 258 226 329 diam]
238 259 413 322 decreveram
431 275 464 312 ea
475 275 520 311 res
532 258 635 311 frustra
645 257 705 311 fuit

193 339 233 393 74.
268 335 371 389 Eodem
387 338 511 403 tempore
524 335 543 387 J
545 334 665 402 ugurtha
680 332 786 386 amissis
803 330 904 420 amieis,
922 347 989 400 qno-

139 407 989 554 estitit¹ll⁰ri2lttltl⁶t0llltttt²n

140 579 229 631 neque
242 562 344 616 bellum
360 561 420 630 geri
437 562 495 614 sine
510 560 679 615 administris
696 563 796 629 posset,
812 562 842 613 et
858 566 989 616 novorum

140 637 224 691 fidem
242 638 271 690 in
289 640 369 692 tanta
388 636 506 705 perfidia
523 640 649 691 veterum
667 635 787 704 experiri
805 635 988 704 periculosum

140 714 259 781 duceret,
280 715 370 766 varius
388 712 563 781 incertusque
586 711 716 780 agitabat.
752 710 850 779 Neque
872 708 912 764 illi
935 730 989 783 res,

140 806 229 859 neque
242 789 382 843 eonsilium
394 791 443 842 aut
454 788 598 857 quisquam
612 787 753 841 hominum
766 787 833 840 satis
846 787 988 856 placebat3

139 865 239 919 itinera
256 864 464 933 praefectosque
482 864 510 917 in
527 862 587 917 dies
605 867 720 938 mutare,
741 862 823 916 modo
842 863 988 919 advorsum

140 941 240 1008 hostes,
258 940 397 994 interdum
415 941 444 992 in
462 938 623 993 solitudines
639 955 762 1007 pergere,
781 955 862 1006 saepe
874 939 901 992 in
913 939 987 1010 fuga,

141 1034 172 1070 ao
183 1020 247 1086 post
257 1016 338 1085 paule
349 1017 377 1069 in
388 1016 471 1083 armis
487 1032 562 1083 spem
579 1013 688 1079 habere,
705 1013 833 1067 dubitare
845 1015 940 1069 virtuti
951 1034 987 1071 an

141 1093 196 1147 fide
207 1092 377 1162 popularium
392 1093 482 1145 minus
496 1090 637 1154 erederet3
653 1090 701 1157 ita,
716 1106 886 1159 quocumque
899 1092 989 1146 inten-

141 1169 229 1234 derat,
240 1186 285 1224 res
296 1168 428 1223 advorsae
440 1170 526 1221 erant.
562 1166 618 1221 Sed
629 1165 701 1220 inter
712 1181 760 1219 eas
771 1181 861 1218 moras
873 1171 988 1236 repente

141 1262 201 1299 sese
216 1245 346 1299 Metellus
362 1260 424 1297 eum
442 1243 565 1297 exercitu
583 1241 718 1307 ostendit3
737 1240 873 1295 Numidae
889 1242 924 1295 ab
938 1244 989 1296 Ju-

140 1321 241 1388 gurtha
252 1337 303 1390 pro
315 1323 439 1388 tempore
454 1318 543 1387 parati
559 1317 756 1386 instructique3
773 1316 837 1370 dein
853 1318 988 1386 proelium

140 1397 276 1465 incipitur.
313 1397 379 1461 (iua>
388 1396 416 1448 in
432 1397 511 1463 parte
528 1409 578 1446 rex
592 1409 701 1461 pugnae
712 1392 797 1460 amnt,
809 1393 847 1446 ihi
859 1394 989 1463 aliquam-

141 1472 189 1524 diu
212 1474 362 1533 eertatum;
380 1470 464 1523 ceteri
492 1468 551 1536 ejus
575 1485 668 1522 omnes
691 1469 793 1523 milites
816 1469 903 1538 primo
926 1486 989 1523 eon-

140 1563 236 1614 grezsu
251 1547 323 1616 pulsi
338 1546 490 1614 fugatique.
525 1544 640 1597 Romani
661 1543 799 1612 signorum
811 1547 841 1598 et
852 1561 989 1600 armorum

140 1623 278 1689 aliquanto
290 1637 410 1687 numero,
422 1620 543 1674 hostium
554 1633 701 1686 paucorum
712 1618 809 1687 potiti;
827 1636 889 1673 nam
901 1621 989 1675 ferme

141 1697 167 1750 N
168 1696 273 1751 umidas
291 1697 319 1750 in
337 1695 460 1750 omnibus
478 1694 589 1765 proeliis
606 1696 692 1764 magis
710 1694 795 1764 pedes
813 1712 895 1764 quam
913 1714 989 1751 arma

140 1777 201 1828 tuta
213 1778 282 1828 sunt.
382 1784 388 1799 ¹

193 1853 231 1905 75.
269 1850 309 1902 Ea
324 1849 388 1916 iuga
404 1848 544 1916 Jugurtha
558 1847 707 1917 impensius
727 1846 809 1901 modo
829 1848 913 1903 rebus
932 1850 988 1903 suis
1002 1849 1014 1868 “

140 1924 267 1978 diffidens
278 1941 339 1978 oum
351 1924 473 1993 perfugis
485 1927 514 1978 et
527 1926 608 1992 parte
619 1924 768 1992 equitatus,
775 1923 802 1976 in
819 1923 987 1992 solitudines,

140 1998 205 2053 dein
218 1999 330 2053 Thalam
346 1999 478 2067 pervenit,
489 2000 518 2052 in
533 1997 664 2068 oppidum
680 2015 811 2065 magnum
824 2002 908 2067 atque
924 2017 989 2069 opu-

139 2075 252 2141 lentum,
271 2075 318 2128 ubi
336 2074 461 2143 plerique
478 2073 601 2128 thesauri
618 2074 790 2140 filiorumque
808 2074 988 2149 ejusrmultus

140 2150 274 2219 pueritiae
286 2151 375 2203 oultus
387 2153 454 2204 erat.
481 2149 557 2213 Quae
568 2154 713 2218 postquam
725 2149 838 2203 Metello
850 2156 989 2219 comperta

140 2229 212 2293 sunt,
226 2239 389 2293 quamquam
402 2225 475 2278 inter
486 2225 599 2277 Thalam
614 2225 768 2293 flumenque
784 2241 946 2294 proxumum
959 2227 988 2280 in

140 2301 229 2370 spatio
244 2299 349 2353 milium
362 2300 558 2368 quinquaginta
575 2301 633 2354 loca
648 2300 726 2353 arida
741 2303 825 2368 atque
836 2305 914 2355 vasta
928 2318 989 2356 esse

139 2378 311 2445 cognoverat,
323 2379 416 2428 tamen
432 2392 480 2444 spe
491 2375 617 2444 patrandi
635 2376 707 2444 belli,
720 2376 744 2428 si
759 2375 820 2444 ejus
832 2377 926 2448 oppidi
941 2395 989 2446 po-

140 2454 208 2507 titus
224 2452 304 2519 foret,
322 2451 410 2505 omnis
426 2452 591 2519 asperitates
610 2451 793 2521 supervadere
812 2468 843 2506 ao
863 2457 989 2507 naturam

140 2529 224 2584 etiam
233 2528 343 2581 vincere
351 2528 517 2595 aggreditur.
543 2528 634 2595 Igitur
643 2528 731 2581 omnia
739 2528 867 2596 jumenta
878 2530 990 2583 sarcinis

139 2606 223 2660 levari
230 2603 313 2673 jubet
324 2603 376 2656 nisi
387 2603 524 2657 fruniento
537 2603 643 2657 dierum
655 2604 767 2670 deeem3
785 2608 908 2659 eetemm
919 2606 990 2660 utris

140 2681 221 2735 modo
233 2684 262 2735 et
273 2680 327 2734 alia
338 2696 425 2749 aquae
437 2680 536 2734 idonea
547 2680 660 2749 portari.
696 2681 844 2735 Praeterea
855 2682 991 2750 conquirit

139 2774 173 2812 ex
192 2757 264 2826 agris
282 2773 363 2825 quam
380 2756 537 2825 plurumum
554 2760 648 2826 potest
664 2758 760 2811 domiti
777 2758 991 2827 penuriamque

139 2833 255 2902 imponit
273 2848 340 2887 vasa
355 2832 488 2900 cujusque
505 2833 588 2900 modi,
606 2833 656 2886 sed
677 2835 806 2903 pleraque
824 2834 920 2903 lignea,
938 2834 991 2888 eol-

139 2908 211 2962 leota
220 2924 255 2961 ex
266 2908 384 2978 tuguriis
394 2908 419 2961 N
420 2908 581 2964 umidarum.
604 2909 651 2963 Ad
662 2910 713 2964 hoe
722 2908 853 2964 finitumis
864 2910 989 2979 imperat,

139 2984 186 3050 qui
202 3001 232 3038 se
247 2990 310 3053 post
325 2987 398 3054 regis
415 2986 508 3054 fugam
520 2985 634 3039 Metello
646 2986 789 3051 dederant
801 3002 883 3055 quam
900 2985 992 3053 pluru-

139 3073 213 3112 mum
222 3060 337 3130 quisque
345 3079 431 3131 aquae
440 3066 578 3131 portaret3
591 3062 664 3117 diem
673 3062 816 3131 locumque
823 3062 871 3116 ubi
878 3064 991 3131 praesto

139 3133 242 3187 luerint
264 3138 401 3205 praedicit
408 3159 415 3203 ;
441 3139 500 3207 ipse
524 3154 559 3191 ex
583 3138 701 3204 flumiine,
723 3155 806 3207 quam
829 3154 990 3207 proxumam
