2275 3425
477 101 664 152 CATILINA
966 105 997 151 35

146 184 256 252 milites
270 184 393 239 secordia
404 184 507 253 atque
499 183 607 251 ignavia
618 181 729 252 Lentuli
741 186 895 250 quantam
887 188 938 256 rpsi
950 204 998 241 no-

146 260 244 329 bisque
251 259 358 314 cladem
370 264 399 313 ιιι
387 259 494 313 ttulerit
494 275 621 328 ,quoque
630 258 719 325 modo,
722 257 794 312 dum
802 276 836 312 ex
843 260 913 316 urbe
919 279 997 332 prae

148 337 218 391 sidia
233 319 367 420 opperior,
379 336 408 389 in
421 300 538 390 Galliam
553 335 689 403 proficisci
704 336 881 403 nequiverim.
917 338 997 395 Nunc

148 429 213 466 vero
230 429 285 481 quo
289 413 358 466 loco
373 429 419 467 res
435 414 545 464 nostrae
560 411 616 465 sint
616 410 718 479 ‚juxta
732 428 838 466 mecum
855 431 949 469 omnes
959 417 998 469 in-

34 545 38 568 ,
147 488 285 557 tellegitis.
322 488 467 542 Itxercrtus
479 487 598 541 hostium
610 487 673 556 dno,
684 504 754 541 unus
765 488 800 542 ab
811 489 886 557 urbe,
898 491 998 545 altera

148 565 237 619 Gallia
260 565 389 631 obstant3
413 564 517 619 diutius
537 564 565 617 iu
589 564 631 617 his
654 563 720 617 locis
741 581 807 630 esse,
827 566 850 619 si
871 583 998 621 maxume

148 641 255 699 animus
273 642 352 710 ferat,
375 641 506 695 frumenti
530 644 614 709 atque
637 639 750 693 aliarum
774 657 866 695 rernm
889 648 998 711 egestas

147 717 294 786 prohibet3
317 734 480 788 quocunqne
493 717 534 771 ire
548 717 647 785 placet,
661 716 735 769 ferro
749 716 804 770 iter
818 719 998 786 aperiundum

148 797 198 849 est.
234 795 408 864 Quapropter
420 810 468 847 vos
482 809 578 847 moneo
596 792 638 846 uti
654 793 719 847 forti
735 796 819 861 atque
830 799 927 863 parato
942 797 998 849 ani-

148 886 193 923 mo
217 871 284 938 sitis,
305 874 334 924 et
352 887 436 938 quum
459 869 593 938 proelium
616 868 729 935 inibitis,
752 871 931 925 memineritis
950 889 998 926 vos

150 945 268 1014 divitias,
281 946 372 1012 decus,
384 946 508 1014 gloriam,
522 949 667 1014 praeterea
680 945 836 1000 libertatem
856 950 939 1016 atque
951 965 998 1016 pa-

148 1023 231 1076 triam
246 1023 275 1076 in
288 1022 412 1077 dexteris
424 1022 524 1076 rostris
546 1025 667 1091 portare.
703 1022 732 1075 Si
751 1023 889 1091 vincimus,
908 1025 999 1077 omnia

148 1098 227 1152 nobis
245 1101 307 1153 tuta
318 1101 415 1166 erunt,
433 1102 600 1152 commeatus
619 1096 735 1163 abunde,
753 1098 898 1167 municipia
913 1102 999 1168 atque

149 1174 269 1228 coloniae
286 1174 436 1242 patebunt;
454 1174 568 1227 simetu
586 1172 754 1240 cesserimus,
773 1174 869 1228 eedem
887 1175 934 1228 illa
951 1174 999 1227 ad-

148 1266 228 1303 vorsa
239 1250 324 1316 tient3
348 1263 438 1318 neque
450 1249 525 1302 locus
540 1264 630 1316 neque
646 1248 749 1301 amicus
763 1249 908 1318 quisquam
920 1253 1000 1318 teget

149 1342 231 1395 quem
240 1342 317 1379 arma
328 1342 383 1379 uon
395 1325 524 1379 texerint.
548 1324 704 1390 Praeterea,
716 1324 824 1391 milites,
835 1341 890 1378 non
903 1325 997 1379 eadem

71 1425 73 1429 ·
148 1400 228 1454 nobis
240 1404 270 1454 et
281 1400 335 1453 illis
349 1404 467 1453 necessrt
446 1399 523 1453 tudo
539 1398 697 1467 impendet:
715 1415 765 1454 nos
776 1416 826 1469 pro
839 1402 937 1484 patria,
949 1419 1000 1470 pro

149 1475 286 1542 libertate,
307 1492 358 1544 pro
377 1475 434 1529 vita
453 1478 608 1540 certamus;
633 1474 687 1528 illis
708 1475 937 1544 supervacaneum
957 1482 1000 1532 est

149 1567 199 1619 pro
211 1552 335 1620 potentia
345 1567 492 1619 paucorum
504 1566 635 1618 pugnare.
664 1550 724 1614 Quo
736 1552 864 1605 audacius
875 1554 1000 1622 aggredi-

150 1626 274 1679 minime
302 1642 363 1679 ores
375 1626 507 1694 pristinae
516 1626 590 1679 virtu
628 1668 634 1679 .
664 1625 755 1680 Licuit
766 1626 844 1682 nobis
855 1646 916 1682 cum
929 1646 1000 1683 sum-

150 1718 196 1755 ma
207 1642 380 1831 ιῖὲιᾶιιιθ
391 1702 420 1754 in
432 1701 526 1755 exsilio
540 1705 605 1756 aeta
636 1718 662 1755 m
678 1719 761 1770 agere
773 1723 778 1764 ;
795 1701 923 1770 potuistis
935 1717 1000 1754 nom

150 1777 217 1830 nulli
299 1793 332 1831 ae
344 1778 451 1833 amissis
462 1777 541 1831 bonis
553 1778 654 1832 alienas
666 1794 732 1846 opes
741 1780 902 1846 exspectare
912 1798 919 1842 3
936 1779 1000 1846 quia

150 1853 196 1907 illa
207 1854 288 1907 foeda
300 1857 384 1922 atque
398 1854 571 1908 intoleranda
582 1854 647 1908 viris
660 1854 831 1921 videbantur,
843 1853 912 1907 haec
922 1855 999 1922 sequi

151 1929 320 1983 decrevistis.
350 1930 379 1984 si
390 1929 458 1984 haec
469 1932 624 1997 relinquere
633 1930 722 1997 voltis,
734 1929 849 1984 audacia
860 1945 928 1996 opus
940 1935 1000 1995 est;

150 2021 231 2058 nemo
249 2005 301 2059 nisi
321 2005 408 2060 victor
426 2022 494 2075 pace
512 2006 615 2060 bellum
634 2006 757 2060 mutavit.
793 2004 866 2058 Nam
888 2006 916 2058 in
935 2005 1000 2073 luga

151 2081 267 2134 salutem
288 2097 408 2149 sperare,
430 2098 514 2150 quum
538 2098 615 2135 arma
638 2082 698 2150 quis
721 2097 818 2150 corpus
841 2082 946 2150 tegitur
964 2082 1000 2134 ab

150 2156 275 2210 hostibus
294 2158 435 2225 averteris,
454 2174 487 2211 ea
505 2173 570 2211 vero
590 2157 730 2211 dementia
751 2161 800 2211 est.
836 2158 950 2226 Semper
971 2159 999 2211 in

150 2233 254 2301 proelio
263 2233 297 2286 iis
306 2249 463 2286 maxumum
472 2236 516 2287 est
524 2233 683 2301 periculum,
693 2234 741 2302 qui
749 2250 877 2288 maxume
886 2235 1000 2298 timent;

150 2308 265 2362 audacia
278 2325 328 2377 pro
343 2325 423 2362 muro
437 2308 573 2363 habetur.¹
599 2309 689 2373 Quum
702 2325 749 2361 ros
765 2310 914 2376 considero,
931 2310 1000 2362 mili-

151 2386 201 2450 tes,
226 2387 255 2439 et
278 2401 362 2453 quum
385 2384 459 2438 lacta
476 2388 572 2439 vostra
593 2386 724 2451 aestumo,
748 2401 847 2452 magna
868 2401 914 2439 me
937 2401 1001 2454 spes

151 2460 279 2513 victoriae
291 2462 375 2514 tenet.
411 2461 536 2526 Animus,
552 2464 636 2526 aetas,
648 2460 735 2514 virtus
746 2465 839 2514 vostra
855 2459 923 2530 [me]
939 2460 1001 2513 hor-

151 2538 254 2602 tantur,
265 2539 410 2604 praeterea
425 2535 604 2605 necessitudo,
618 2552 689 2604 qnae
701 2536 783 2589 etiam
797 2535 911 2589 timidos
921 2535 1001 2589 fortis

151 2610 233 2664 facit:
259 2627 322 2664 nam
341 2611 488 2665 multitudo
509 2610 628 2665 hostium
645 2627 682 2664 ne
699 2611 894 2665 circumvenire
917 2615 1001 2679 queat

151 2684 298 2754 prohibent
309 2686 450 2753 angustiae
462 2686 520 2740 loci.
550 2686 655 2750 Quodsi
667 2686 763 2741 virtuti
772 2689 880 2739 rostrae
891 2686 1001 2739 fortuna

151 2759 288 2828 inviderit,
304 2764 399 2815 cavete
415 2761 496 2815 inulti
511 2762 628 2815 animam
646 2762 789 2828 amittatis,
801 2777 855 2813 neu
866 2761 940 2829 cepti
954 2777 1000 2829 po

151 2837 207 2889 tius
224 2835 304 2890 sicuti
319 2852 418 2906 pecora
434 2837 608 2891 trucidemini
620 2853 703 2905 quam
716 2838 835 2890 virorum
847 2851 923 2888 more
933 2852 1001 2904 pug-

151 2914 250 2964 nantes
268 2916 409 2966 cruentam
433 2916 516 2980 atque
539 2912 691 2966 luctuosam
710 2911 851 2965 victoriam
874 2909 1000 2964 hostibus

151 2986 333 3055 relinquatis.’'

204 3067 245 3116 59.
281 3063 359 3117 Haec
381 3061 429 3117 ubi
453 3062 531 3130 dixit,
554 3061 694 3131 paululum
717 3061 899 3113 commoratus
923 3059 1000 3126 signa

152 3152 250 3192 cauere
261 3136 352 3206 jubet,
365 3141 449 3205 atque
459 3139 608 3191 instructos
620 3135 730 3189 ordines
741 3134 769 3186 in
780 3134 870 3186 locum
881 3148 999 3200 aequmn
