2275 3425
482 149 667 202 uATILINA.
787 108 794 119 ἱ
968 156 1003 203 25

92 287 96 293 ,
148 240 167 286 'a
183 230 314 286 Cicerone
325 230 476 285 immissum
488 231 607 299 aiebant,
619 249 654 285 ne
666 231 781 286 Crassus
794 248 870 287 more
881 249 931 287 suo
942 251 999 288 sus-

150 310 230 375 cepto
247 307 380 360 malorum
400 307 550 376 patrocinio
570 324 629 361 rem
653 307 788 375 publicam
808 309 999 374 conturbaret;

149 382 239 451 ipsum
256 383 384 437 Crassum
400 401 451 452 ego
462 387 559 451 postea
571 383 775 453 praedicantem
790 384 882 438 audivi
893 387 1000 439 tantam

149 458 224 513 illam
235 459 426 513 contumeliam
438 459 489 512 sibi
502 458 538 512 ab
550 459 680 514 Cicerone
691 459 856 527 impositam,
955 523 958 526 ,

202 542 242 591 49.
278 535 333 590 Sed
344 535 432 589 isdem
444 534 615 604 temporibus
627 537 658 600 Q.
671 535 784 589 Catulus
796 539 825 589 et
837 536 866 591 C.
880 536 943 592 Piso
955 555 1001 592 ne-

151 627 205 679 que
217 612 344 680 precibus
360 615 450 681 neque
464 612 555 680 gratia
568 628 658 681 neque
673 613 762 681 pretio
775 612 933 666 Ciceronem
950 613 998 665 im-

150 687 252 754 pellere
264 692 387 756 potuere,
403 688 446 742 uti
457 705 507 757 por
524 688 687 755 Allobroges
703 691 751 741 aut
766 704 817 756 per
834 688 917 742 alium
931 689 999 742 indi-

150 779 209 816 cem
229 763 258 818 C.
279 764 380 817 Caesar
396 763 463 817 falso
479 763 674 817 nominaretur.
710 764 782 817 Nam
800 768 918 832 uterquc
938 781 999 818 cum
1040 815 1043 819 .

150 837 196 891 illo
214 841 304 906 gravis
322 839 476 893 inimicitias
497 840 669 907 exercebant,
695 839 760 894 Piso
781 843 953 909 oppugnatus
970 842 999 894 in

32 961 37 968 .
146 911 251 981 judicio
275 916 451 985 pecuniarum
476 916 692 985 repetundarum
719 918 833 984 propter
855 915 998 985 cujusdam

151 989 338 1059 Transpadani
356 992 516 1060 supplicium
530 991 671 1061 injustum,
680 989 803 1046 'Catulus
817 1008 851 1045 ex
867 992 999 1061 petitione

150 1067 326 1133 pontificatus
338 1068 399 1121 odio
414 1069 546 1133 incensus,
566 1068 640 1136 quod
652 1070 776 1121 extrema
791 1071 890 1136 aetate,
905 1084 996 1121 maxu-

150 1142 202 1195 mis
225 1142 371 1197 honoribus
390 1161 463 1212 usus,
486 1143 521 1197 ab
541 1143 746 1197 adulescentulo
770 1143 887 1197 Caesare
911 1144 999 1197 victus

151 1217 320 1275 discesserat.
356 1219 412 1273 Res
429 1222 520 1293 autem
538 1223 692 1287 opportuna
712 1218 865 1285 videbatur,
882 1219 957 1287 quod
974 1219 998 1271 is

150 1295 277 1362 privatim
295 1296 406 1363 egregia
418 1294 591 1361 liberalitate,
609 1295 717 1363 publice
731 1295 865 1347 maxumis
881 1296 998 1348 muneri-
1049 1354 1057 1363 ‚

150 1368 202 1422 bus
213 1371 345 1437 grandem
358 1371 501 1439 pecuniam
515 1369 643 1424 debebat.
680 1371 735 1424 Sed
749 1371 796 1423 ubi
813 1370 951 1424 consulem
963 1369 999 1423 ad

150 1447 259 1499 tantum
274 1446 378 1500 facinus
392 1445 532 1515 impellere
547 1449 696 1513 noqueunt,
710 1446 762 1513 ipsi
776 1446 932 1513 singulatim
947 1445 999 1500 cir-

150 1521 302 1574 cumeundo
316 1525 399 1589 atque
415 1520 599 1587 ementiundo,
614 1538 684 1589 quae
698 1539 728 1575 se
743 1538 777 1575 ex
793 1522 935 1575 Volturcio
950 1524 999 1576 aut

84 1633 86 1638 »
151 1594 347 1665 Allobrogibus
370 1597 480 1651 audisse
505 1598 635 1661 dicerent,
659 1613 784 1666 maguam
808 1598 848 1652 illi
870 1596 999 1650 invidiam
1082 1647 1093 1670 ,

150 1672 333 1728 conflaverant
344 1690 431 1742 usque
444 1673 513 1728 adeo
524 1676 556 1727 ut
567 1674 688 1727 nonnulli
700 1674 807 1745 equites
820 1673 941 1740 Romani,
951 1673 998 1742 qui

150 1748 281 1817 praesidii
298 1766 392 1803 caussa
409 1766 470 1803 cum
484 1750 547 1803 telis
562 1753 641 1804 erant
655 1750 756 1804 circum
765 1751 867 1805 ‘aedem
882 1750 999 1803 Concor-

151 1824 220 1894 diae,
233 1841 282 1878 seu
295 1825 408 1893 periculi
419 1825 606 1894 magnitudine
622 1842 670 1879 seu
682 1826 765 1879 animi
779 1826 932 1880 mobilitate
948 1826 998 1879 im-

149 1900 229 1969 pulsi,
241 1917 295 1970 quo
310 1902 432 1955 studium
446 1919 526 1956 suum
539 1902 569 1956 in
581 1918 640 1955 rem
656 1902 791 1969 publicam
807 1902 905 1957 clarius
917 1905 998 1962 essct,

150 1976 303 2044 egredienti
315 1995 349 2031 ex
362 1982 459 2033 senatu
471 1978 581 2032 Caesari
593 1977 685 2045 gladio
696 1978 895 2032 minitarentur.

202 2059 243 2106 50.
279 2054 352 2107 Dum
372 2054 439 2107 haec
458 2053 485 2106 in
508 2058 605 2107 senatu
625 2057 750 2122 agimtur,
770 2059 800 2108 ct
818 2055 885 2107 dum
900 2054 998 2122 legatis

151 2128 331 2198 Allobrogum
343 2133 373 2184 et
385 2131 446 2185 Tito
455 2129 597 2183 Volturcio
605 2130 780 2198 comprobato
792 2147 885 2184 eorum
897 2131 998 2183 indicio
1040 2152 1045 2166 ·

149 2206 270 2273 praemia
282 2206 473 2274 decernuntur,
485 2205 577 2260 liberti
590 2209 620 2259 et
631 2205 710 2273 pauci
725 2223 759 2259 ex
771 2206 916 2260 clientibus
928 2206 998 2260 Len-

150 2280 201 2334 tuli
213 2282 329 2336 divorsis
342 2281 487 2336 itineribus
501 2280 612 2350 opifices
626 2284 710 2349 atque
723 2282 834 2336 servitia
845 2283 874 2336 in
884 2282 951 2336 vicis
962 2282 999 2335 ad

150 2373 212 2412 eum
222 2358 393 2426 cripiendum
405 2357 597 2422 sollicitabant,
609 2357 711 2425 partim
723 2358 904 2427 exquirebant
915 2358 999 2412 disces

149 2433 363 2501 multitudinum,
385 2433 432 2503 qui
455 2434 544 2501 pretio
567 2450 626 2486 rem
650 2432 786 2501 publicam
804 2450 905 2488 vexare
926 2435 998 2488 soliti

150 2511 237 2562 crant.
284 2509 423 2577 Cethegus
447 2512 538 2562 autem
559 2523 610 2576 per
630 2509 741 2563 nuntios
763 2510 892 2563 familiam
916 2514 999 2578 atque

150 2582 263 2637 libertos
275 2600 345 2652 suos,
352 2585 437 2639 lectos
449 2587 478 2637 et
490 2584 656 2638 exercitatos
667 2584 696 2637 in
706 2585 854 2651 audaciam,
864 2585 960 2639 orabat
967 2588 1000 2639 ut

150 2674 235 2727 grege
246 2659 318 2713 facto
330 2677 392 2714 cum
406 2660 470 2714 telis
484 2659 518 2713 ad
537 2676 599 2714 sese
612 2659 803 2730 irrumperent.
840 2660 944 2714 Consul
951 2659 998 2714 ubi

1 2811 2 2820 ἵ
45 2779 47 2782 Α
150 2750 184 2788 ea
202 2735 294 2804 parari
315 2737 448 2803 cognovit,
468 2735 608 2805 dispositis
628 2736 780 2805 praesidiis,
799 2739 831 2788 ut
850 2752 894 2790 res
914 2739 999 2802 atque

150 2813 260 2880 tempus
278 2811 414 2879 monebat,
434 2815 581 2866 convocato
599 2816 696 2866 senatu
714 2813 799 2865 refert
818 2811 885 2879 quid
904 2811 940 2864 de
957 2811 999 2865 his

151 2887 211 2940 ficri
229 2888 344 2957 placeat,
362 2888 409 2955 qui
425 2888 453 2941 in
471 2888 625 2942 custodiam
644 2888 741 2942 traditi
760 2891 845 2941 erant.
881 2886 937 2940 Sed
953 2903 999 2940 eos

151 2963 232 3031 paulo
255 2966 320 3018 ante
342 2964 472 3032 frequens
495 2969 607 3018 senatus
619 2963 799 3032 ‘judicaverat
822 2965 917 3015 contra
940 2977 998 3014 rem

151 3038 287 3107 publicam
303 3039 407 3094 fecisse.
447 3041 515 3094 'lum
532 3040 566 3093 D.
583 3040 602 3092 J
604 3040 684 3093 unius
700 3038 813 3102 Silanus,
820 3036 924 3103 primus
941 3051 998 3087 sen-

153 3115 267 3167 tentiam
291 3119 411 3183 rogatus,
433 3115 507 3183 quod
527 3131 560 3168 co
580 3118 705 3182 tempore
724 3109 816 3166 consul
839 3108 998 3175 designatus

151 3192 220 3246 erat.
244 3189 280 3244 de
307 3189 351 3244 his
377 3190 424 3258 qui
452 3189 480 3243 in
504 3188 636 3243 custodiis
659 3186 831 3250 tenebantur,
854 3185 999 3250 praeterea
