2275 3425
480 99 497 146 J
500 99 688 147 UGURTHA.
976 104 1005 149 91

157 181 220 244 vidi,
233 182 286 234 alia
297 185 406 249 egomet
419 179 493 248 gessi
500 201 508 246 ;
525 195 597 247 quae
610 179 649 233 illi
662 179 772 246 litteris,
784 198 817 233 ea
828 197 880 248 ego
892 178 1008 234 militan-

157 256 194 310 do
210 257 301 311 didici.
345 256 371 309 N
373 274 426 311 unc
440 272 488 311 vos
504 256 669 310 existumate
686 256 760 309 facta
776 273 812 310 an
830 255 905 310 dicta
921 255 1008 325 pluris

157 333 220 387 sint.
256 333 443 388 Contemnunt
459 331 609 386 nodatam
626 349 724 399 meam,
741 348 791 399 ego
805 332 915 385 illorum
932 331 1007 400 igna-

157 409 244 476 viam;
267 410 333 462 mibi
353 409 471 476 fortuna,
494 408 547 462 illis
569 408 670 476 probra
690 408 871 477 objectantur.
908 409 1008 472 Quam-

157 502 240 554 quam
252 502 302 553 ego
314 489 439 539 naturam
450 501 532 537 unam
544 487 575 538 et
586 500 755 538 communem
770 485 891 538 omnium
906 483 1007 537 existu-

157 578 210 629 mo,
223 562 271 616 sed
284 561 469 615 fortissumum
485 576 622 629 quemque
636 560 891 628 generosissumum.
927 560 974 614 Ac
985 561 1006 612 si

153 637 213 706 jam
225 655 260 691 ex
271 637 395 706 patribus
408 635 504 689 Albini
516 638 565 689 aut
581 636 692 691 Bestiae
705 636 799 704 quaeri
814 639 915 704 posset,
927 651 1007 689 mene

157 729 192 766 an
204 714 264 766 illos
276 730 311 766 ex
323 730 353 766 se
364 712 440 780 gigni
452 712 606 780 maluerint,
618 713 685 781 quid
696 728 873 780 responsuros
885 710 1007 779 creditis,
1037 714 1039 718 ’

157 789 210 842 nisi
229 806 288 843 sese
307 788 408 842 liberos
423 805 505 856 quam
520 792 647 857 optumos
659 788 795 841 voluisset
832 787 935 853 Quodsi
943 786 1008 858 jure

141 881 203 929 ¹me
214 864 375 933 despiciunt,
390 865 494 918 faciunt
511 863 586 917 idem
604 863 754 932 majoribus
769 865 832 928 suis,
852 864 951 932 quibus
966 864 1007 917 uti

157 940 223 993 mihi
239 957 274 994 ex
285 941 388 994 virtute
404 940 532 993 nobilitas
547 940 645 1009 coepit.
682 940 919 994 Invidenthonori
932 957 1009 1006 meo;

158 1032 223 1084 ergo
234 1016 375 1070 invideant
387 1015 482 1083 labori,
499 1016 678 1084 innocentiae,
694 1016 822 1085 perieulis
834 1016 918 1070 etiarn
931 1016 1008 1082 meis,

158 1092 284 1160 quoniam
296 1109 346 1161 per
357 1092 424 1146 haec
435 1093 512 1146 illum
524 1094 591 1162 cepi.
628 1092 734 1149 Verum
749 1092 872 1146 homines
885 1094 1007 1161 corrupti

158 1168 286 1235 superbia
301 1168 341 1222 ita
357 1171 477 1222 aetatem
494 1172 587 1236 agvmt,
599 1169 676 1236 quasi
688 1171 795 1222 vostros
812 1168 1007 1222 honorescon-

157 1246 297 1310 temnant;
314 1245 355 1298 ita
372 1244 422 1298 bos
442 1247 549 1313 petunt,
568 1244 647 1313 quasi
667 1244 781 1298 honeste
800 1244 925 1297 vixerint.
963 1244 1007 1297 Ne

157 1319 197 1373 illi
212 1319 272 1373 falsi
286 1325 358 1387 sunt,
371 1321 419 1389 qui
436 1320 644 1374 divorsissumas
659 1336 705 1373 res
718 1320 823 1388 pariter
838 1323 1008 1388 exspectant,

157 1396 281 1464 ignaviae
294 1397 462 1464 voluptatem
479 1399 508 1450 et
523 1396 644 1464 praemia
658 1395 775 1451 virtutis.
811 1398 907 1464 Atque
924 1396 1007 1449 etiam

158 1489 242 1539 quum
261 1471 335 1541 apud
352 1488 401 1525 vos
417 1475 466 1525 aut
483 1472 512 1525 in
534 1475 631 1525 senatu
646 1472 731 1526 verba
748 1472 859 1539 faciunt,
876 1473 1008 1541 pleraque

158 1548 280 1602 oratione
303 1547 421 1616 majores
446 1564 510 1602 suos
534 1548 683 1613 extollunt3
713 1565 805 1602 eorum
829 1549 911 1603 fortia
935 1549 1009 1602 facta

65 1654 70 1661 ·
158 1624 335 1678 memorando
358 1625 486 1679 clariores
507 1641 567 1678 sese
591 1628 696 1693 putant.
734 1625 814 1690 Quod
838 1629 932 1679 contra
956 1630 1006 1680 est.

158 1701 230 1755 Nam
249 1703 380 1770 quantum
401 1700 459 1756 vita
482 1700 590 1754 illorum
613 1701 786 1769 praeclarior,
809 1705 887 1756 tanto
910 1701 1008 1756 horum

159 1777 281 1831 secordia
292 1777 460 1845 flagitiosior.
495 1777 532 1830 m
543 1778 667 1846 profecto
678 1779 717 1831 ita
730 1794 759 1832 se
770 1794 816 1850 ses
828 1778 927 1843 hebet;
951 1794 1009 1831 ma-

154 1851 247 1920 jorum
270 1854 357 1920 gloria
376 1852 496 1923 posteris
518 1852 620 1922 [quasi]
643 1854 735 1907 lumen
755 1857 805 1921 est,
825 1871 915 1922 neque
935 1853 1008 1907 bona

159 1945 247 1997 neque
258 1929 329 1982 mala
345 1945 438 1982 corum
454 1929 482 1981 in
499 1929 605 1983 occulto
620 1930 732 1998 patitur.
769 1930 892 1997 Hujusce
905 1929 945 1983 rei
958 1947 1009 1998 ego

158 2005 277 2073 inopiam
294 2005 390 2073 fateor,
410 2005 546 2070 Quintam
562 2021 664 2072 verum,
684 2005 714 2058 id
732 2007 807 2072 quod
825 2007 912 2059 multo
932 2023 1010 2075 prae

159 2081 257 2134 clarius
286 2083 337 2146 est,
366 2083 486 2134 meamet
507 2081 581 2134 facta
603 2080 671 2134 mihi
695 2080 786 2134 dicere
815 2081 885 2136 licet.
928 2081 1010 2136 Nunc

159 2156 251 2210 videte
269 2172 351 2224 quam
370 2156 458 2223 iniqui
477 2155 538 2210 sint.
576 2156 655 2221 Quod
677 2173 711 2210 ex
730 2155 818 2210 aliena
834 2159 937 2234 virtute
956 2159 1009 2213 sibi

159 2236 296 2299 arrogant,
315 2231 345 2283 id
363 2231 431 2284 mihi
449 2248 484 2285 ex
499 2248 561 2285 mea
576 2249 630 2285 non
648 2234 809 2301 concedunt,
826 2235 930 2288 scilicet
946 2235 1010 2303 quia

159 2308 289 2375 imagines
307 2324 361 2361 non
379 2308 473 2372 habeo,
496 2311 526 2361 et
549 2309 614 2377 quia
632 2308 699 2361 mihi
719 2325 789 2362 nova
808 2310 935 2364 nobilitas
956 2314 1008 2378 est,

160 2401 242 2452 quam
260 2388 337 2437 certe
357 2384 496 2453 peperisse
515 2385 612 2438 melius
631 2388 674 2438 est
692 2401 774 2453 quam
795 2390 934 2454 acceptam
952 2403 1010 2441 eor-

159 2460 271 2527 rupisse.
307 2459 442 2527 Equidem
459 2475 510 2527 ego
526 2476 580 2513 non
596 2460 699 2529 ignoro,
712 2461 734 2513 si
749 2461 809 2529 jam
821 2463 887 2515 mihi
899 2478 1010 2529 respon-

161 2537 227 2598 dere
238 2535 330 2602 velint,
350 2535 459 2589 abunde
477 2535 531 2588 illis
550 2536 695 2591 facundam
711 2541 740 2592 et
758 2539 934 2607 compositam
951 2555 1009 2591 ora-

160 2612 262 2666 tionem
281 2612 347 2666 fore.
382 2611 437 2665 Sed
456 2611 485 2664 in
505 2629 633 2666 maxumo
653 2617 746 2667 vostro
769 2613 902 2668 beneficio
927 2630 1010 2681 quum

59 2739 71 2746 .
161 2687 286 2741 omnibus
298 2688 364 2742 locis
375 2705 419 2741 me
427 2705 528 2756 vosque
539 2688 693 2743 maledictis
705 2689 833 2757 lacerent,
842 2705 895 2742 non
906 2688 1011 2756 placuit

160 2764 291 2832 reticere,
301 2780 336 2818 ne
358 2764 420 2833 quis
438 2765 603 2819 modestiam
622 2765 651 2819 in
671 2766 865 2819 conscientiam
889 2763 1011 2819 duceret.

161 2841 233 2894 Nam
252 2856 296 2894 me
313 2840 424 2908 quidem
442 2858 475 2894 ex
496 2841 579 2894 animi
599 2841 653 2895 mei
673 2842 810 2894 sententia
830 2840 905 2893 nulla
923 2840 1011 2894 oratio

160 2915 271 2970 laedere
285 2920 391 2985 potest;
408 2917 510 2985 quippe
521 2933 586 2970 vera
602 2932 712 2970 necesse
724 2919 767 2968 est
778 2915 848 2968 bene
864 2915 1011 2983 praedicet

161 2992 257 3045 falsam
269 2993 327 3046 vita
342 3008 486 3060 moresque
501 2992 556 3045 mei
573 2995 710 3060 superant.
747 2990 801 3043 Sed
815 2991 940 3057 quoniam
953 3008 1011 3044 vos

161 3070 206 3122 tra
218 3068 330 3121 consilia
345 3070 513 3133 accusantur,
533 3067 582 3135 qui
600 3066 666 3119 mihi
685 3080 819 3118 summum
835 3065 965 3118 bonorem
983 3068 1012 3118 et

161 3160 320 3198 maxumum
344 3143 482 3211 negotium
507 3141 682 3209 imposuistis,
708 3139 790 3192 etiam
817 3143 901 3208 atque
927 3140 1011 3193 etiam
