2275 3425
483 137 674 202 usmarus„
980 144 1001 191 15

144 213 174 253 ·’
203 214 227 275 8'.
263 218 319 274 Sed
334 219 458 288 profecto
474 219 585 272 fortuna
598 218 627 271 in
645 219 764 273 omni're
777 220 950 283 dominatum
967 239 1000 274 ea

149 313 196 350 res
215 301 326 350 cunetas
344 312 379 349 ex
400 294 522 349 lubidine
540 295 627 362 magis
647 312 729 365 quam
749 312 783 348 ex
795 312 861 349 vero
878 296 1000 350 celebrat

150 371 341 440 obscuratque.
363 372 575 426 Atheniensium
588 388 633 425 res
646 376 749 440 gestae,
762 373 834 425 sieut
846 388 897 439 ego
909 377 999 427 aestu·
1066 383 1068 388 ’

149 464 202 515 mo,
217 449 285 502 satis
301 448 406 517 amplae
423 448 637 516 magnificaeque
653 450 737 515 fuere,
753 465 848 501 rernm
860 448 1000 516 aliquanto

149 526 268 579 minores
287 528 379 579 tamen
400 542 482 593 quam
499 524 571 577 fama
587 527 719 579 feruntur.
756 526 811 579 Sed
824 525 889 593 quia
903 543 1000 593 prove

143 617 215 654 nere
226 601 264 654 ibi
278 602 440 670 scriptorum
454 618 553 669 magna
566 603 681 671 ingenia,
694 618 744 670 per
757 606 891 655 terrarum
904 602 999 656 orbem

150 678 358 731 Atheniensium
368 678 440 731 faeta
449 670 499 746 pro
507 679 640 732 maxumis
649 678 828 732 celebrantur.
852 678 898 731 Ita
905 696 998 731 eorum

144 753 196 822 'qui
217 771 249 807 ea
267 753 358 807 fecere
370 755 457 807 virtus
476 758 554 807 tanta
572 753 697 822 habetur,
716 757 847 822 quantum
865 771 898 808 ea
908 754 999 808 verbis

147 838 263 898 potuere
273 829 404 884 extollere
416 830 555 898 praeclara
564 831 679 899 ingenia.
715 833 757 885 At
765 830 865 899 populo
876 832 999 885 Romano

148 922 295 975 numquam
315 924 348 960 ea
366 908 443 975 eopia
461 907 521 973 fuit,
540 908 604 975 quia
623 908 862 976 prudentissumus
880 908 998 976 quisque

147 999 275 1037 maxume
294 985 451 1051 negotiosus
467 988 543 1050 erat3
562 985 700 1052 ingenium
717 1001 797 1038 nemo
813 984 872 1037 sine
884 1000 997 1053 corpore

148 1058 311 1114 exercebat:
331 1063 460 1130 optumus
480 1062 596 1129 quisque
615 1061 706 1115 faeere
726 1077 807 1129 quam
828 1060 927 1127 dicere,
949 1078 998 1114 sua

146 1135 182 1212 ab
201 1136 262 1189 aliis
280 1135 350 1189 bene
369 1136 442 1189 faeta
456 1136 561 1189 laudari
579 1154 661 1205 quam
677 1138 737 1205 ipse
753 1136 867 1189 aliorum
884 1154 998 1190 narrare

146 1211 273 1266 malebat.
719 1262 722 1267 .

199 1295 223 1343 9.
260 1289 351 1356 igitur
362 1288 436 1341 domi
454 1289 622 1357 militiaeque
635 1286 699 1342 boni
715 1305 805 1343 mores
819 1290 996 1353 colebantur;

147 1364 291 1418 eoncordia
309 1381 443 1429 maxuma,
463 1365 584 1418 minuma
602 1365 715 1418 avaritia
732 1367 809 1428 erat;
824 1366 872 1432 jus
884 1365 994 1417 bonum-
1036 1394 1046 1410 ι

146 1456 200 1507 que
217 1440 291 1509 apud
307 1456 354 1493 eos
369 1458 422 1494 uon
441 1440 547 1508 legibus
562 1441 649 1508 magis
668 1458 749 1509 quam
767 1444 863 1493 natura
879 1440 995 1495 valebat.

143 1516 252 1584 durgis,
265 1516 423 1583 discordias,
441 1517 595 1573 simultates
611 1534 672 1570 eum
685 1518 810 1571 hostibus
823 1517 995 1579 exercebant,

145 1592 218 1645 eires
238 1608 299 1645 eum
319 1592 422 1646 civibus
443 1592 479 1646 de
497 1594 601 1647 virtute
624 1592 784 1659 certabant3
808 1594 837 1645 in
857 1593 994 1662 suppliciis

141 1669 259 1739 deorum
278 1669 422 1737 magnifici,
445 1669 519 1723 domi
538 1670 619 1738 parci,
638 1670 666 1723 in
682 1669 775 1723 amieis
793 1669 890 1724 fideles
908 1674 994 1724 erant.

141 1744 259 1798 vDuabus
275 1746 317 1799 his
329 1746 442 1813 artibus
459 1747 574 1799 audacia
584 1746 613 1799 in
625 1747 703 1811 bello,
719 1746 766 1800 ubi
785 1763 839 1816 pax
856 1753 993 1814 evenerat,

144 1822 291 1890 aequitate,
307 1839 391 1891 seque
409 1839 523 1890 remque
542 1822 678 1890 publicam
697 1823 835 1876 curabant.
872 1822 993 1887 Quarum

144 1914 236 1950 rerum
255 1914 306 1965 ego
326 1915 454 1951 maxuma
477 1898 641 1951 documenta
664 1899 732 1952 haee
755 1900 851 1964 habeo,
870 1900 944 1968 quod
965 1901 992 1953 in

143 1971 215 2027 bello
228 1974 336 2043 saepius
343 1973 509 2027 vindicatum
522 1974 605 2027 estin
618 1992 671 2041 eos,
682 1975 728 2043 qui
741 1980 836 2029 eontra
847 1975 992 2045 imperium

143 2048 172 2102 in
186 2049 293 2103 hostem
309 2053 504 2119 pugnaverant,
521 2050 623 2118 quique
639 2052 744 2105 tardius
756 2053 877 2106 revocati
889 2052 992 2120 proelio

141 2129 323 2193 excesserant,
341 2143 423 2194 quam
443 2127 490 2194 qui
509 2126 593 2191 signa·
604 2127 757 2195 relinquere
777 2132 825 2181 aut
844 2129 914 2196 pulsi
933 2129 991 2181 loco

142 2202 241 2255 cedere
260 2202 318 2255 ausi
338 2204 433 2268 erant3
450 2203 478 2254 in
495 2219 562 2272 paee
575 2219 647 2268 vero,
664 2203 739 2271 quod
753 2205 892 2257 benefieiis
910 2221 991 2273 quam

142 2281 218 2331 metu
232 2277 376 2346 imperium
397 2278 546 2346 agitabant,
564 2281 593 2331 et
607 2282 719 2346 aeeepta
734 2279 836 2347 injuria
851 2280 991 2347 ignoscere

142 2370 222 2422 quam
235 2354 362 2422 persequi
374 2354 530 2408 malebant.e

195 2437 235 2485 10.
273 2431 328 2484 Sed
339 2429 386 2483 ubi
399 2430 492 2484 labore
504 2435 589 2499 atque
597 2430 708 2498 justitia
720 2431 885 2500 respublica
897 2433 990 2496 erevit,

141 2524 219 2575 reges
238 2507 329 2574 magni
349 2506 420 2560 bello
440 2507 545 2575 domiti,
561 2507 688 2560 nationes
708 2507 783 2561 ferae
800 2511 829 2561 et
845 2508 937 2576 populi
954 2509 991 2560 in-

140 2587 236 2651 gentes
248 2584 274 2637 vi
291 2583 403 2649 subacti,
419 2583 565 2651 Carthago,
581 2583 688 2636 aemula
704 2583 802 2652 imperi
817 2584 943 2648 Romani,
955 2583 990 2636 ab

140 2659 225 2728 stirpe
238 2659 350 2724 interiit,
364 2662 461 2712 cuneta
474 2660 560 2712 maria
572 2663 718 2726 terraeque
731 2659 872 2728 patebant,
885 2660 990 2712 saevire

139 2734 249 2789 fortuna
261 2752 292 2788 ae
304 2736 419 2792 miseere
431 2736 521 2789 omnia
533 2735 630 2802 eoepit.
669 2736 722 2799 oui
734 2735 849 2801 labores,
862 2734 991 2803 pericula,

101 2870 104 2875 ⁴
138 2811 236 2865 dubias
248 2817 332 2880 atque
344 2828 455 2880 asperas
470 2828 514 2865 res
530 2812 608 2864 facile
626 2812 819 2877 toleraverant,
835 2811 878 2863 his
894 2811 989 2875 otium,

139 2887 251 2940 divitiae
264 2888 400 2956 optandae
412 2887 479 2953 aliis,
493 2886 569 2940 oneri
585 2889 764 2955 miseriaeque
777 2887 860 2939 suere.
898 2885 990 2952 Igitur
1018 2908 1021 2915 ¹

138 2963 226 3031 primo
242 2964 381 3032 pecuniae,
398 2963 499 3016 deinde
515 2963 613 3030 imperi
629 2963 729 3030 cupido
744 2961 848 3024 crerit3
866 2977 899 3012 ea
911 2961 988 3028 quasi

138 3038 622 3092 materiesomniummalorumfnere.
641 3038 664 3089 N
669 3053 766 3104 amque
774 3034 889 3087 avaritia
896 3035 987 3098 fidem,

136 3115 310 3183 probitatem,
329 3119 490 3183 ceterasque
508 3114 577 3167 artis
597 3113 682 3164 bonas
702 3109 853 3168 subvertit;
874 3124 924 3175 pro
946 3108 988 3159 his

136 3190 300 3261 superbiam,
312 3189 596 3293 erudelitatembdeos
612 3187 764 3253 neglegere,
781 3183 871 3234 omnia
882 3183 988 3234 venalia

507 3290 524 3309 a
