2275 3425
127 135 157 182 14
372 132 401 180 C.
419 129 594 179 SALLUSTI
611 128 730 177 CRISPI

126 217 175 268 aut
195 213 314 268 astutiae
334 212 455 266 deerunt.
493 211 651 278 Namquea
668 208 802 278 principio
820 208 977 262 consulatus

126 290 168 344 sui
180 290 268 343 multa
279 287 433 357 pollicendo
444 303 495 355 per
508 286 632 340 Fulviam
645 285 775 339 effecerat
785 289 817 338 ut
828 285 858 348 Q.
869 284 976 350 Curius,

127 367 237 434 dequo
258 364 340 433 paulo
359 367 424 417 ante
447 363 604 431 memoravi,
628 361 740 415 consilia
764 360 899 414 Catilinae
922 360 976 413 sibi

126 442 264 511 proderet.
300 439 347 493 Ad
366 439 416 492 hoe
435 438 567 507 collegam
585 455 664 491 suum
682 437 832 491 Antonium
849 437 977 504 pactione

126 517 282 587 provinciae
293 515 459 584 perpulerat,
470 532 505 568 ne
517 518 613 568 contra
624 531 683 568 rem
695 512 831 582 publicam
844 513 977 578 sentiret;

127 596 227 648 circum
244 609 274 646 se
293 591 429 660 praesidia
447 591 595 644 amicorum
610 593 695 658 atque
712 588 854 642 clientium
871 589 977 643 occulte

127 670 253 723 habebat.
291 668 440 736 Postquam
452 667 512 720 dies
523 667 693 720 comitiorum
705 666 789 733 venit,
802 668 831 719 et
843 664 978 720 Catilinae

127 762 217 814 neque
237 744 336 813 petitio
356 760 446 813 neque
464 743 587 810 insidiae,
608 759 675 810 quas
699 741 803 797 consuli
827 742 853 795 in
874 741 977 810 Campo

128 823 239 890 iecerat,
260 837 390 890 prospere
413 835 527 887 cessere,
551 818 696 873 constituit
716 818 817 872 bellurn
841 818 934 871 facere
948 820 978 871 ct

95 894 99 903 ’
129 903 252 953 extrema
269 898 360 951 omnia
375 896 499 965 experiri,
513 896 639 965 qnoniam
654 911 725 964 quac
742 893 847 948 occulte
861 896 978 963 tempta·

109 979 206 1064 Q'crat
217 990 314 1043 aspera
324 972 460 1042 foedaque
472 974 626 1026 evenerant.
1021 969 1024 974 ’

57 1022 106 1114 Ol
180 1055 220 1108 27.
260 1050 351 1118 Igitur
363 1049 392 1104 C.
404 1048 536 1101 Manlium
553 1047 685 1102 Faesulas
701 1050 785 1117 atque
798 1047 899 1100 ineam
917 1062 978 1115 par-

129 1133 187 1180 tem
199 1126 334 1192 Etmriae,
346 1123 508 1193 Septimium
520 1124 658 1191 quendam
671 1122 825 1177 Camertem
837 1123 865 1175 in
883 1138 978 1190 agrum

132 1201 268 1269 Picenum,
279 1202 308 1257 C.
316 1201 335 1255 J
336 1201 422 1254 ulium
433 1200 461 1253 in
472 1200 603 1268 Apuliam
612 1199 731 1263 dimisit3
741 1202 885 1268 praeterea
896 1199 979 1252 alium

130 1279 190 1345 alio,
202 1295 284 1347 quem
295 1276 396 1346 ubique
417 1279 602 1346 opportunum
617 1274 669 1328 sibi
677 1275 746 1328 iore
758 1274 896 1329 credebat.
933 1275 979 1327 In-

129 1358 207 1411 terea
220 1355 322 1407 Romae
333 1353 420 1406 multa
429 1351 508 1406 simul
517 1351 615 1418 moliri,
623 1351 726 1404 consuli
735 1350 848 1404 insidias
856 1351 979 1417 tendere,

130 1447 227 1499 parare
238 1429 371 1497 incendia,
383 1432 536 1497 opportuna
546 1427 607 1480 loca
617 1426 731 1481 armatis
743 1425 897 1479 hominibus
909 1426 980 1479 obsi-

131 1507 205 1572 dere,
217 1507 276 1575 ipse
295 1522 356 1558 cum
376 1505 430 1558 telo
450 1520 516 1569 esse,
529 1504 596 1556 item
612 1503 680 1556 alios
694 1501 801 1571 jubere,
818 1502 921 1555 hortari
938 1502 981 1555 uti

131 1599 239 1652 semper
258 1580 357 1634 intenti
375 1580 519 1650 paratique
540 1582 641 1644 essent,
663 1578 722 1632 dies
743 1577 890 1646 noctisque.
904 1578 980 1631 lesti-

131 1675 203 1728 nare,
225 1658 344 1727 vigilare,
366 1673 455 1727 nequo
474 1656 614 1709 insomniis
635 1672 724 1723 neque
744 1654 839 1708 labore
862 1654 981 1723 fatigari.

133 1737 274 1791 Postremo
295 1734 448 1788 ubimulta
467 1733 584 1800 agitanti
604 1732 670 1785 nihil
689 1731 821 1800 procedit,
834 1748 929 1784 rursus
940 1732 981 1784 in-

132 1815 270 1882 tempesta
291 1814 372 1864 nocte
396 1808 591 1877 conjurationis
613 1808 750 1876 principes
774 1810 903 1861 convocat
931 1824 981 1874 per

133 1890 169 1942 M.
191 1887 317 1942 Porcium
337 1887 463 1952 Laecam,
483 1883 577 1952 ibique
596 1884 684 1937 multa
705 1884 741 1938 de
760 1884 868 1952 ignavia
886 1901 980 1937 eorum

132 1968 245 2032 questus
257 1962 338 2017 docet
354 1978 384 2016 se
397 1960 528 2015 Manlium
547 1960 721 2028 praemisisse
733 1961 842 2014 adeam
858 1960 981 2013 multitu-

132 2042 233 2108 dinem,
245 2056 327 2108 quam
339 2038 375 2092 ad
387 2036 522 2106 capiunda
533 2052 610 2088 amna
624 2040 777 2104 paraverat,
789 2037 857 2089 item
869 2035 936 2089 alios
952 2038 981 2090 in

132 2117 185 2170 alia
195 2117 255 2170 loca
267 2118 420 2182 opportuna
431 2113 478 2180 qui
496 2112 606 2165 initium
624 2111 689 2165 belli
700 2112 830 2177 facerent,
843 2128 928 2180 seque
945 2112 982 2166 ad

132 2193 282 2247 exereitum
301 2189 436 2259 proficisci
451 2204 557 2256 cupere,
570 2188 593 2240 si
609 2188 684 2256 prins
702 2189 858 2243 Ciceronem
871 2204 982 2257 oppres-
1089 2244 1093 2248 Α

132 2270 228 2333 sisset3
247 2284 308 2321 euin
320 2266 376 2319 suis
388 2264 505 2318 consiliis
518 2264 635 2316 multum
648 2264 762 2319 officere.
806 2276 808 2283 ’

184 2351 225 2399 28.
251 2344 264 2397 l
266 2343 341 2410 gitur
352 2341 508 2411 perterritis
519 2357 551 2393 ac
563 2339 755 2396 dubitantibus
768 2343 867 2397 ceteris
880 2343 909 2397 C.
917 2343 996 2408 Cor,

132 2421 220 2475 nelina
236 2435 321 2489 eques
339 2419 477 2472 Romanus
494 2433 605 2485 operam
624 2433 700 2469 snam
717 2419 860 2487 pollicitus,
877 2423 983 2473 etcum

133 2514 165 2551 eo
184 2498 215 2550 L.
228 2495 415 2563 Vargunteius
433 2497 549 2559 senator,
569 2494 737 2548 constituere
757 2512 789 2549 ea
806 2499 886 2549 noete
903 2494 983 2565 paulo

133 2576 196 2642 post
213 2589 275 2626 eum
293 2569 407 2625 armatis
427 2568 582 2622 hominibus
602 2569 681 2623 sicuti
703 2571 850 2625 salutatum
870 2572 983 2626 introire

133 2651 169 2703 ad
191 2649 349 2704 Ciceronem
371 2663 403 2700 ae
422 2646 457 2699 de
478 2645 624 2713 improviso
643 2645 717 2699 domi
737 2663 801 2701 suae
820 2648 984 2716 imparatum

133 2726 285 2780 confodere⁴
326 2724 424 2779 Curius
447 2721 493 2774 nbi
517 2720 655 2788 intellegit
678 2729 811 2790 quantum
835 2723 984 2792 periculum

133 2802 236 2857 consuli
249 2801 415 2871 impendeat,
428 2814 546 2868 propere
558 2813 608 2863 por
621 2797 745 2851 Fulviam
758 2800 880 2853 Ciceroni
892 2799 985 2851 dolum

133 2879 181 2948 qui
192 2877 341 2948 parabatur
353 2876 483 2931 enuntiat.
522 2873 566 2925 lta
580 2872 621 2925 illi
631 2872 717 2942 janna
730 2875 862 2944 prohibiti
876 2880 985 2930 tantum

133 2955 237 3009 facinus
248 2955 352 3008 frustra
364 2953 547 3019 susceperant.
580 2951 691 3004 Interea
702 2952 821 3006 Manlius
833 2953 861 3005 in
874 2952 987 3006 Etruria

133 3031 243 3098 plebem
257 3030 412 3095 sollicitare,
425 3028 549 3093 egestate
565 3026 646 3079 simul
661 3043 693 3081 ae
707 3027 801 3083 dolore
813 3029 930 3098 injuriae
941 3045 987 3081 no

134 3123 229 3160 varum
245 3123 337 3161 rerum
353 3103 490 3174 cupidam,
507 3099 582 3167 quod
600 3101 690 3158 Sullae
706 3105 891 3159 dominatione
906 3121 987 3173 agros

134 3181 259 3250 meaque
280 3182 370 3237 omnia
389 3178 527 3241 amiserat,
546 3181 692 3244 praetcrea
713 3181 834 3235 latrones
854 3181 988 3251 canusque
