2275 3425
504 54 712 113 Jueu'nrun.
993 70 1034 131 ‚ea

183 144 269 213 legati
285 143 416 198 subdolus
428 144 488 212 ejus
502 161 603 212 augere
619 145 773 215 amentiam,
784 147 921 216 missitare
933 147 1034 216 suppli-

184 220 271 275 cantis
288 221 401 289 legates,
418 220 478 292 ipse
494 222 571 288 quasi
589 221 758 292 vitabundus¹
772 238 823 290 per
841 221 959 275 saltuosa
976 223 1035 276 loca

184 301 213 349 et
233 296 359 349 tramites
383 298 532 350 exercitum
554 298 674 350 ductare.
714 297 839 365 Denique
861 298 964 351 Aulum
985 315 1034 368 spe

171 371 316 442 pactionis
328 373 456 441 perpulit,
465 373 505 425 uti
517 374 613 426 relicto
623 373 739 428 Suthule
751 374 779 427 in
788 373 1034 442 abditasregiones

184 465 244 502 sese
253 447 338 501 veluti
351 448 494 502 cedentem
506 449 711 518 insequeretur;
728 451 769 504 ita
777 450 879 504 delicta
887 450 1034 504 occultiora

182 526 249 579 fore.
283 524 394 579 Interea
413 541 463 592 per
477 525 600 578 homines
616 525 727 579 callidos
745 526 790 579 die
806 529 942 596 noctuque
958 542 1033 580 exer-

183 602 267 655 citum
279 601 448 669 temptabat;
466 601 640 655 centuriones
652 602 790 670 ducesque
802 606 962 671 turmarum,
974 619 1033 671 par-

183 678 234 731 tim
245 678 287 731 uti
298 678 501 745 transfugerent
513 693 696 746 eorrumpere,
709 677 756 730 alii
771 679 848 746 signo
863 678 929 732 date
943 678 1033 732 locum

182 754 223 806 uti
240 752 405 807 desererent.
442 754 518 818 Quae
533 757 680 823 postquam
701 771 736 808 ex
757 755 894 809 sententia
913 755 1032 822 instruit,

181 831 347 899 intempesta
361 833 441 884 necte
454 830 489 883 de
501 830 647 900 improviso
662 830 839 884 multitudine
851 830 1032 884 Numidarum

182 907 249 960 Auli
268 911 357 960 castra
375 907 558 960 circumvenit.
595 907 700 960 Milites
716 906 838 973 Romani,
855 907 974 976 perculsi
990 911 1032 961 tu-

182 983 271 1037 multu
285 983 400 1049 inselite‚
412 1000 488 1036 arma
500 999 598 1051 capere
610 982 664 1049 alii,
677 982 723 1036 alii
738 999 767 1036 se
779 981 888 1047 abdere,
900 999 964 1051 pars
975 986 1032 1037 ter-

181 1059 249 1113 rites
270 1060 438 1126 confirmare,
459 1059 600 1127 trepidare
621 1058 746 1112 omnibus
766 1052 846 1123 locis‘3
872 1058 914 1112 vis
928 1075 1032 1131 magna

169 1135 309 1202 ¹hostium,
321 1134 424 1189 coelum
440 1138 521 1188 noete
535 1138 619 1202 atque
634 1133 752 1187 nubibus
766 1134 947 1201 obscuratum,
960 1136 1031 1203 peri-

178 1211 272 1264 eulum
288 1227 401 1280 anceps3
418 1214 557 1279 postremo
573 1211 670 1278 lugere
684 1226 718 1262 an
732 1226 843 1262 manere
859 1209 946 1262 tutius
959 1211 1031 1264 ieret

180 1287 208 1340 in
227 1287 332 1340 incerto
351 1290 419 1340 erat.
456 1286 511 1340 Sed
530 1302 565 1339 ex
586 1302 618 1339 eo
637 1301 759 1352 numero,
780 1301 848 1352 quos
868 1285 948 1353 paulo
966 1290 1031 1340 ante

180 1366 322 1429 corruptos
346 1362 472 1428 diximus,
492 1362 588 1414 cohors
611 1377 666 1413 una
689 1360 820 1428 Ligurum
841 1377 903 1414 eum
924 1360 1030 1415 duabus

179 1438 278 1490 turmis
295 1437 429 1490 Thracum
444 1440 473 1491 et
489 1436 582 1505 paucis
597 1437 730 1505 gregariis
748 1436 880 1490 militibus
897 1437 1030 1491 transiere

179 1513 216 1565 ad
239 1529 341 1580 regem,
360 1516 389 1566 et
409 1513 532 1567 centurie
553 1512 635 1580 primi
655 1512 702 1580 pili
722 1512 823 1566 tertiae
846 1512 959 1581 legionis
979 1530 1030 1582 per

180 1588 365 1654 munitionem,
379 1604 460 1656 quam
472 1588 513 1641 uti
529 1587 691 1642 defenderet
703 1589 853 1656 acceperat,
864 1589 954 1641 locum
968 1590 1028 1644 hos-

179 1664 253 1719 tibus
270 1663 426 1718 introeundi
440 1661 526 1732 dedit,
539 1680 626 1732 eaque
642 1663 778 1717 Numidae
795 1664 884 1736 cuncti
896 1664 1026 1734 irrupere.

179 1740 275 1794 Nostri
293 1740 375 1793 foeda
392 1741 465 1808 fuga,
481 1740 606 1809 plerique
624 1739 741 1808 abjectis
758 1740 848 1809 armis,
864 1757 1027 1809 proxumum

178 1816 275 1870 collem
287 1832 459 1885 occupavere¹
493 1816 520 1868 N
521 1832 556 1868 ox
567 1820 651 1884 atque
663 1816 766 1884 praeda
778 1819 928 1870 castrorum
941 1817 1028 1872 hostis

178 1909 233 1961 quo
253 1893 343 1946 minus
360 1892 475 1946 victoria
493 1894 637 1945 uterentur
656 1895 792 1946 remorata
813 1897 883 1947 sunt,
919 1893 1027 1948 Deinde

177 1970 197 2020 J
199 1968 319 2036 ugurtha
330 1972 440 2038 postero
453 1966 498 2021 die
510 1969 655 2022 cumAulo
667 1969 696 2021 in
708 1969 840 2037 colloquio
852 1968 936 2023 verba
947 1965 1025 2025 facit:

177 2044 310 2098 “tametsi
332 2046 423 2113 ipsum
442 2060 503 2097 eum
522 2046 645 2097 exercitu
669 2045 741 2099 fame
760 2049 793 2099 et
811 2045 885 2098 ferro
906 2045 1027 2101 clausum

176 2123 260 2188 tenet,
274 2124 365 2174 tamen
381 2136 410 2173 se
425 2136 573 2174 memorem
588 2119 766 2174 humanarum
780 2138 881 2189 rerum,
895 2121 918 2174 si
934 2139 1026 2177 secum

175 2196 271 2249 foedus
288 2197 398 2263 laceret,
416 2195 558 2249 incolumis
577 2197 664 2248 omnis
683 2197 733 2250 sub
748 2196 846 2265 jugum
864 2196 1025 2264 missurum3

174 2277 318 2341 praeterea
329 2273 371 2325 uti
383 2272 480 2326 diebus
493 2272 589 2324 decern
602 2272 732 2325 Numidia
744 2273 914 2327 decederet.’'
949 2275 1025 2339 Quae

175 2365 337 2418 quamquam
361 2348 455 2415 gram
474 2351 504 2401 et
522 2343 611 2415 flagiti
636 2348 717 2416 plena
736 2351 822 2414 erant,
841 2352 941 2418 tamen,
960 2352 1025 2419 quia

174 2425 270 2513 mortis
287 2427 364 2477 metu
376 2421 561 2490 mutabantur,
576 2422 656 2477 sicuti
670 2424 731 2491 regi
747 2424 884 2490 lubuerat,
895 2441 950 2492 pax
956 2442 1024 2500 ¹con-

173 2504 266 2631 venite.
302 2577 358 2632 Sed
372 2578 420 2631 ubi
438 2594 471 2632 ea
483 2577 587 2631 Romae
600 2581 742 2647 comperta
754 2581 825 2646 sunt,
837 2581 928 2632 metus
939 2582 1023 2647 atque

173 2669 281 2707 moeror
296 2654 435 2707 civitatem
451 2654 582 2707 invasere.
618 2653 686 2707 Pars
698 2656 855 2722 delerepro
871 2654 959 2722 gloria
973 2657 1022 2709 im-

172 2730 239 2796 peri,
259 2745 323 2797 pars
346 2729 456 2782 insolita
478 2745 570 2794 rerum
593 2728 753 2783 bellicarum
774 2731 872 2783 timere
892 2728 1021 2797 libertati,

174 2804 246 2857 Aulo
265 2821 358 2858 omnes
376 2804 476 2870 infesti,
496 2820 527 2856 ac
545 2820 680 2871 maxume,
697 2805 744 2873 qui
761 2804 833 2875 bello
848 2820 929 2870 saepe
946 2822 1022 2872 prae-

172 2880 239 2933 clari
250 2881 365 2945 fuerant,
377 2878 451 2945 qued
462 2882 584 2932 armatus
596 2879 731 2932 dedecore
743 2879 833 2948 potius
845 2894 927 2945 quam
939 2897 1021 2933 manu

171 2955 288 3010 salutem
305 2955 483 3024 quaesiverat.
519 2953 562 3006 Ob
581 2969 614 3006 ea
630 2954 721 3006 consul
737 2953 854 3006 Albinus
870 2968 904 3005 ex
921 2953 1021 3007 delicto

171 3033 266 3085 fratris
277 3032 406 3086 invidiam
420 3047 452 3083 ae
464 3030 564 3083 deinde
575 3027 725 3095 periculum
737 3029 836 3081 timens
847 3031 972 3081 senatum
985 3028 1021 3080 de

170 3108 281 3162 foedere
297 3101 462 3168 consulebat,
480 3107 618 3172 ettamen
635 3101 747 3154 interim
762 3099 893 3153 exercitui
911 3102 1019 3170 supple-
