2275 3425
497 122 683 170 OATILINA.
750 139 752 142 ·
952 82 955 87 ‘
1002 127 1019 176 3
1127 138 1129 146 ’

163 199 236 255 mani
255 196 378 266 carptim,
395 197 437 251 uti
453 215 579 268 quaeque
594 200 727 255 memoria
745 200 828 270 digna
845 201 1018 273 videbantur,

163 272 347 343 perscribere3
361 291 396 328 eo
408 274 495 343 magis
511 275 587 345 quod
602 276 670 329 mihi
685 294 702 330 a
718 294 774 347 spe,
791 282 875 346 metu,
892 280 1019 348 partibus

163 350 204 403 rei
215 349 459 419 publicaeanimus
471 351 541 405 libor
553 356 620 406 crat.
658 353 750 421 Igitur
762 354 798 407 de
811 354 944 410 Catilinae
956 373 1018 410 con-

158 424 300 494 juratione
312 443 395 495 quam
406 427 558 481 verissume
569 432 667 497 potero
679 430 771 498 paucis
784 429 937 497 absolvam
954 449 1019 486 nam

163 501 193 556 id
210 502 315 556 facinus
333 503 362 555 in
378 503 474 572 primis
492 520 542 571 ego
559 504 736 558 memorabile
754 507 890 566 existumo
908 508 1018 562 sceleris

162 581 247 647 atque
269 578 383 646 periculi
406 580 537 633 novitate.
584 581 627 634 De
653 581 732 649 cujus
758 581 874 636 hominis
897 583 1018 637 moribus

162 670 249 723 pauca
271 657 348 725 prius
371 655 543 726 explananda
566 660 630 710 sunt
652 673 735 726 quam
758 658 866 712 initium
889 661 1018 714 narrandi

162 730 268 785 faciam.

215 814 238 861 5.
274 808 374 863 Lucius
387 808 513 878 Catilina,
529 808 616 863 nobili
631 825 734 877 genere
747 812 837 877 natus,
851 809 904 863 fuit
919 827 1018 878 magna
1074 809 1079 817 ’

163 884 188 937 vi
202 888 232 938 et
243 884 326 938 animi
338 888 368 938 et
379 885 506 953 corporis,
516 885 566 939 sed
575 885 684 953 ingenio
693 885 764 938 malo
773 901 919 954 pravoque.
943 887 1017 940 Huic

162 960 198 1013 ab
207 960 393 1014 adulescentia
401 960 474 1015 bella
482 961 620 1026 intestina,
632 961 739 1029 caedes,
748 961 868 1030 rapinae,
880 961 1017 1015 discordia

75 1058 86 1068 ·
162 1036 249 1091 civilis
271 1040 352 1105 grata
374 1037 459 1103 fuere,
482 1037 576 1105 ibique
592 1037 770 1105 juventutem
789 1054 865 1091 suam
885 1039 1015 1093 exercuit.

164 1113 270 1181 Corpus
281 1114 389 1183 patiens
400 1113 516 1181 inediae,
529 1114 636 1181 algoris,
649 1113 763 1181 vigiliae,
776 1130 859 1181 supra
870 1130 952 1181 quam
961 1115 1017 1168 cui-

163 1205 244 1258 quam
257 1189 395 1244 credibile
434 1190 551 1243 Animus
564 1190 662 1257 audax,
675 1188 813 1256 subdolus,
829 1190 926 1257 varius,
939 1190 1017 1258 cujus

162 1264 203 1318 rei
215 1263 293 1318 lubet
305 1264 448 1320 simulator
459 1282 492 1319 ac
503 1265 690 1319 dissimulator
702 1287 708 1330 3
725 1265 807 1318 alieni
820 1269 961 1333 appetem,
974 1266 1017 1318 sui

163 1341 296 1410 profusus,
322 1341 422 1397 ardens
445 1342 474 1396 in
501 1340 716 1411 cupiditatibus3
742 1340 808 1395 satis
836 1340 1016 1409 eloquentiae,

163 1418 312 1486 sapientiae
324 1435 428 1487 parum.
465 1418 569 1472 Vastus
584 1416 690 1471 animus
702 1416 890 1484 immoderata,
900 1416 1017 1470 incredi-

163 1490 234 1558 bilia
251 1493 332 1547 nimis
347 1495 405 1547 alta
422 1511 531 1563 semper
547 1492 683 1562 cupiebat.
720 1493 802 1546 Hunc
817 1497 880 1561 post
896 1491 1016 1545 domina-

150 1569 266 1622 ·tionem
281 1569 348 1623 Luci
363 1570 453 1624 Sullae
467 1569 561 1623 lubido
579 1585 707 1623 maxuma
721 1569 858 1622 invaserat
872 1569 912 1622 rei
927 1568 1014 1637 publi-

163 1660 211 1698 cae
234 1645 392 1715 capiundae,
415 1661 504 1715 neque
527 1645 557 1698 id
579 1645 678 1715 quibus
702 1644 790 1698 modis
813 1647 1015 1714 assequeretur,

163 1721 230 1775 dum
254 1721 305 1775 sibi
329 1738 442 1791 regnum
466 1726 586 1792 pararet,
615 1722 760 1790 quicquam
787 1722 864 1791 pensi
888 1721 1043 1795 habebat„

164 1797 332 1866 Agitabatur
344 1798 431 1866 magis
442 1799 586 1867 magisque
601 1797 630 1851 in
642 1797 701 1852 dies
715 1799 822 1851 animus
833 1793 1016 1867 feroxinopia

164 1875 204 1927 rei
216 1874 357 1928 familiaris
373 1878 401 1929 et
416 1867 581 1929 conscientia
597 1874 738 1942 scelerum,
753 1891 823 1945 quae
839 1872 957 1943 utraque
972 1874 1020 1927 his

162 1950 269 2004 artibus
279 1955 402 2019 auxerat,
415 1968 483 2020 quas
495 1968 579 2020 supra
590 1951 745 2017 memoravi.
770 1949 927 2006 Incitabant
937 1967 1017 2019 prae-

163 2029 241 2080 terea
252 2027 374 2095 corrupti
390 2027 509 2081 civitatis
524 2043 622 2092 mores,
640 2043 708 2096 quos
725 2020 895 2105 pessuma‘ac
907 2026 1017 2081 divorsa

162 2101 236 2157 inter
255 2118 286 2157 se
304 2103 382 2170 mala,
403 2104 512 2156 luxurla
532 2106 616 2172 atque
637 2104 759 2170 avaritia,
780 2103 924 2158 vexabant.
960 2103 1016 2157 Res

163 2178 223 2246 ipsa
233 2178 339 2232 hortari
355 2178 472 2247 videtur,
487 2180 614 2247 quoniam
629 2180 664 2234 de
679 2176 801 2234 moribus
814 2179 934 2234 ciuitatis
947 2182 1016 2231 tem-

163 2270 215 2322 pus
226 2253 375 2321 admonuit,
394 2271 478 2323 supra
491 2258 619 2323 repetere
635 2272 667 2309 ac
683 2257 777 2324 paucis
793 2256 921 2310 instituta
931 2253 1016 2321 majo-

163 2345 226 2382 rum
243 2328 319 2383 domi
335 2330 511 2400 militiaeque,
532 2347 586 2399 quo
602 2330 684 2384 modo
701 2348 760 2385 rem
779 2331 915 2401 publicam
933 2328 1030 2393 habu-¹

163 2406 236 2459 erint
247 2408 434 2475 quantamque
446 2406 615 2475 reliquerint,
629 2410 662 2460 ut
673 2408 805 2477 paulatim
821 2407 966 2460 immutata
982 2421 1017 2458 ex

163 2481 355 2552 pulcherruma
372 2498 500 2551 pessuma
520 2499 552 2536 ac
568 2482 788 2550 flagitiosissuma
807 2485 885 2538 facta·
899 2482 944 2549 sit,
962 2479 1017 2534 dis

164 2574 264 2612 serere.

216 2640 240 2689 6.
264 2633 369 2688 Urbem
380 2633 504 2703 Romam,
514 2634 586 2689 sicut
598 2652 650 2702 ogo
662 2636 762 2704 accepi,
770 2634 919 2690 condidere
931 2638 1017 2703 atque

163 2708 286 2764 habuere
301 2709 381 2764 initio
398 2710 515 2779 Trojani,
532 2712 583 2797 quj
591 2712 688 2765 Aenea
700 2710 770 2764 duce
780 2710 890 2780 profugi
906 2709 1017 2763 sedibus

164 2785 279 2840 incertis
291 2786 470 2854 vagabantur,
489 2796 607 2856 cumque
621 2787 664 2841 his
679 2784 850 2855 Aborigines
866 2802 951 2852 genus
968 2784 1016 2837 lio

165 2861 270 2914 minum
281 2866 397 2930 agreste,
407 2862 468 2921 sine
474 2862 588 2932 legibus,
601 2863 659 2917 sine
671 2863 794 2932 imperio,
803 2860 918 2915 liberum
930 2864 1016 2927 atquo
1124 2931 1127 2937 .

166 2937 294 2992 solutum.
330 2938 370 2992 Hi
387 2942 533 3007 postquam
548 2939 576 2992 in
592 2956 646 2993 una
661 2939 768 2991 moenia
786 2937 945 3001 oon'vcnere,
961 2936 1016 2988 dis-

166 3012 226 3082 pari
241 2999 351 3081 generis,
368 3012 493 3068 dissimili
511 3015 611 3082 lingua,
632 3014 700 3067 alius
718 3013 771 3066 alio
789 3027 864 3064 more
884 3009 1015 3074 viventes,

167 3087 329 3144 incredibile
344 3094 497 3144 memoratu
514 3095 559 3144 est
575 3106 658 3159 quam
672 3088 752 3141 facile
768 3083 925 3139 coaluerint.
959 3084 1016 3139 Sed

166 3168 314 3235 postquam
341 3183 386 3220 res
410 3182 506 3221 eorum
531 3165 643 3232 civibus,
665 3161 796 3229 moribus,
821 3157 896 3225 agris
925 3161 1016 3225 aucta,

1001 3316 1130 3392 Δ
