2275 3425
489 110 672 161 CATILINA.
963 111 1006 162 17

149 193 186 247 C
198 193 317 247 Manlius
333 211 369 247 ex
385 210 434 247 suo
449 208 563 245 numero
577 192 682 259 legatos
697 190 735 243 ad
751 187 886 243 Marcium
902 190 1006 291 Regem

83 336 86 342 ¹
149 269 243 324 mittit
255 287 317 323 cum
329 269 450 323 mandat'
429 274 465 323 tis
477 266 675 337 hujuscemodi

208 351 249 400 33.
286 345 386 399 ‘Deos
410 344 589 412 hominesque
612 347 755 411 testemur,
777 344 935 412 imperator,
958 360 1007 396 nos

149 437 232 475 arma
247 437 336 490 neque
353 424 449 475 contra
464 422 582 489 patriam
599 420 711 489 cepisse,
726 436 814 488 neque
831 436 886 488 quo
902 419 1007 487 pericu-

73 501 77 514 *
149 497 211 550 lum
229 497 289 551 aliis
306 498 467 564 faceremus,
486 496 535 550 sed
552 496 594 549 uti
612 512 727 563 corpora
744 499 838 548 nostra
854 495 890 548 ab
907 495 1008 563 injuria

156 576 217 627 tuta
230 574 329 641 forent,
341 573 389 641 qui
404 572 505 638 miseri,
517 576 639 640 egentes,
651 571 780 625 violentia
794 576 878 639 atque
893 572 1008 625 crudeli-

155 652 214 703 tate
226 650 411 703 feneratorum
423 649 547 717 plerique
556 648 669 717 patriae,
679 648 729 701 sed
741 664 834 701 onmes
843 648 915 700 farina
924 652 1008 715 atque

142 777 144 780 ,
156 726 272 779 fortunis
285 728 416 794 expertes
428 741 535 789 sumus3
552 741 643 791 neque
655 724 781 791 cuiquam
795 727 919 778 nostrum
931 724 1008 777 licuit

155 819 232 860 more
249 800 383 870 majorum
399 800 460 869 lege
478 800 526 866 uti,
542 816 632 868 neque
647 800 747 853 anrisso
762 800 926 869 patrimonio
942 800 1009 853 libe-

44 939 47 949 ,
75 888 76 892 ’
155 895 216 931 rum
236 894 334 946 corpus
352 877 471 942 habere;
493 879 572 930 tanta
590 875 705 929 saevitia
722 876 906 930 feneratomm
923 880 1008 944 atque

156 955 291 1022 praetoris
308 953 368 1007 fuit.
405 953 492 1021 Saepe
509 951 629 1020 majores
646 955 769 1005 vostrum
787 952 903 1006 miseriti
919 952 1008 1022 plebis

157 1030 296 1084 Romanae
315 1030 365 1084 dec
381 1029 434 1082 etis
453 1029 508 1081 suis
526 1027 633 1096 inopiae
651 1026 711 1095 ejus
729 1027 857 1095 opitulati
875 1033 955 1094 suut;
977 1045 1009 1082 ac

116 1103 120 1107 ’
154 1106 309 1160 novissume
325 1105 457 1177 memoria
471 1107 565 1157 nostra
578 1106 693 1171 propter
704 1103 922 1171 magnitudinem
937 1106 1009 1159 aeris

154 1181 244 1252 alieni,
254 1180 408 1234 uolentibus
421 1178 546 1233 omnibus
558 1178 645 1243 bonis,
657 1181 801 1245 argentum
813 1194 876 1232 aere
889 1179 1008 1233 solutum

152 1261 205 1310 est.
242 1257 329 1324 Saepe
345 1257 405 1324 ipsa
419 1254 523 1323 plebes,
537 1258 586 1306 aut
603 1253 761 1305 dominandi
777 1253 869 1306 studio
884 1260 1009 1321 permota

156 1337 205 1386 aut
222 1332 350 1400 superbia
364 1332 584 1398 magistratuum,
596 1332 702 1381 armata
718 1345 735 1381 a
749 1328 875 1396 patribus
889 1333 1007 1385 secessit.

158 1409 199 1461 At
216 1424 266 1460 nos
283 1424 338 1459 non
356 1407 499 1475 imperium
518 1421 608 1472 neque
626 1404 878 1472 divitiaspetimus,
895 1423 1007 1474 quarum

154 1499 249 1535 rerum
258 1499 353 1536 caussa
364 1481 438 1535 bella
449 1485 533 1548 atque
543 1480 694 1533 certamina
702 1480 794 1533 omnia
805 1481 878 1533 inter
887 1483 1009 1535 mortalis

156 1561 230 1624 ,sunt
243 1558 293 1611 sed
309 1558 475 1623 libertatem,
489 1572 570 1624 quam
584 1555 763 1608 nemobonus
776 1555 829 1608 nisi
843 1573 905 1609 cum
920 1558 1010 1610 anima

158 1633 237 1687 simul
250 1633 362 1686 arrrittit.
393 1632 472 1686 Tea
474 1648 528 1700 que
541 1635 666 1684 senatum
679 1630 851 1685 obtestamur
862 1634 1010 1687 consulatis

158 1708 265 1763 miseris
282 1709 394 1776 civibus,
412 1708 481 1776 legis
498 1707 674 1779 praesidinm,
693 1708 768 1777 quod
785 1708 914 1777 iniquitas
931 1727 1010 1779 prae

158 1786 226 1839 toris
239 1786 347 1854 eripuit,
359 1786 521 1852 restituatis,
533 1802 602 1838 neve
618 1784 697 1838 nobis
708 1801 768 1838 eam
779 1787 1009 1857 necessitudinem

157 1861 305 1930 imponatis
325 1865 357 1915 ut
378 1878 550 1930 quaeramus,
569 1877 687 1929 quonam
707 1861 790 1914 modo
810 1877 937 1916 maxume
957 1852 1010 1918 ulti

159 1938 317 2005 sauguinem
329 1941 454 1991 nostrum
465 1936 633 2024 pereamus?
694 1960 695 1963 ¹

211 2019 251 2067 34.
288 2013 335 2066 Ad
346 2013 413 2068 haec
426 2013 456 2077 Q.
466 2013 588 2066 Marcius
599 2012 754 2081 respondit:
772 2030 796 2066 ει
788 2013 875 2083 quid
885 2015 921 2068 ab
934 2032 1010 2069 sena

156 2092 190 2143 tu
205 2094 300 2158 petere
311 2090 421 2156 vellent,
433 2088 468 2142 ab
484 2090 567 2143 armis
581 2089 731 2157 discedant,
744 2090 860 2143 Romam
875 2092 1010 2159 supplices

157 2166 378 2234 proficiscantur3
395 2182 428 2218 ea
443 2165 654 2219 mansuetudine
669 2169 752 2234 atque
768 2166 955 2220 misericordia
970 2184 1010 2221 se

157 2246 253 2296 natum
271 2241 456 2310 populumque
476 2240 627 2296 Romanum
646 2257 754 2309 semper
771 2242 862 2309 fuisse,
880 2247 912 2296 ut
929 2260 1010 2297 nemo

158 2334 286 2387 umquam
303 2317 339 2371 ab
353 2335 386 2371 eo
400 2318 504 2371 frustra
517 2317 647 2370 auxilium
665 2317 802 2386 petiverit.
840 2321 880 2372 At
893 2320 1010 2373 Catilina

157 2410 194 2447 ex
206 2394 305 2448 itinere
317 2394 455 2462 plerisque
468 2392 663 2459 consularibus,
675 2397 820 2461 praeterea
832 2399 943 2463 optumo
955 2393 1010 2447 cui-

159 2487 214 2539 que
232 2470 326 2523 literas
346 2470 446 2523 mittit:
471 2486 500 2522 se
517 2468 594 2522 salsis
612 2469 770 2523 criminibus
788 2470 1009 2537 circumventum,

83 2596 93 2613 ,
159 2546 287 2614 quoniam
307 2544 419 2599 factioni
441 2543 610 2597 inimicorum
632 2544 760 2599 resistere
779 2546 939 2614 nequiverit,
958 2547 1010 2599 for·

159 2625 243 2675 tunae
258 2621 365 2687 cedere,
383 2620 532 2673 Massiliam
549 2620 578 2672 iu
595 2620 707 2673 exilium
722 2622 869 2688 proficisci;
886 2639 939 2674 non
956 2639 1010 2691 quo

160 2696 212 2750 sibi
232 2696 304 2750 tanti
325 2696 436 2749 sceleris
457 2696 580 2749 conscius
601 2700 682 2760 esset,
704 2694 751 2749 sed
774 2696 816 2748 uti
837 2697 1011 2764 respublica

159 2774 254 2841 quieta
271 2773 349 2840 foret,
368 2788 437 2825 neve
455 2788 490 2824 ex
508 2788 557 2824 sua
575 2771 748 2825 contentione
767 2772 867 2825 seditio
884 2773 1008 2826 oriretur.

159 2848 207 2902 Ab
222 2849 265 2903 his
281 2848 361 2916 longe
381 2847 503 2901 divorsas
517 2847 613 2901 literas
632 2847 663 2911 Q.
675 2846 790 2902 Catulus
805 2848 833 2900 in
852 2851 949 2901 senatu
968 2865 1010 2901 re-

159 2925 261 2993 citarit,
283 2941 351 2994 quas
375 2924 427 2977 sibi
448 2924 558 2976 nomine
580 2922 713 2976 Catilinae
737 2923 861 2976 redditas
886 2923 1010 2988 dicebat,

160 3017 254 3055 earum
267 3001 422 3069 exemplum
434 3000 505 3052 infra
517 2999 650 3068 scriptum
663 3002 714 3051 est.

213 3083 252 3131 35.
290 3078 306 3104 ‘⁶
316 3077 345 3130 L.
361 3076 480 3131 Catilina
500 3075 531 3139 Q.
547 3075 653 3129 Catulo.
688 3073 804 3140 Egregia
822 3077 871 3124 tua
890 3072 959 3125 fides
979 3091 1010 3128 re

159 3154 276 3223 cognita,
294 3160 375 3222 grata
393 3152 458 3207 mihi
476 3152 582 3219 magnis
599 3150 627 3202 in
645 3149 713 3202 meis
731 3148 864 3214 periculis,
883 3146 1009 3201 fiduciam
