2275 3425
121 142 150 187 16
369 136 398 186 C.
419 135 593 186 SALLUSTI
610 133 725 182 GRISPI

121 219 250 273 diuturna
259 216 338 286 quies
348 220 504 285 pepererat,
513 219 627 283 repente
635 216 723 268 omnis
733 214 848 269 tristitia
858 212 973 278 invasit;

120 295 258 357 festinare,
277 293 424 361 trepidare,
440 308 528 360 neque
544 292 603 345 loco
623 308 713 361 neque
728 290 830 358 homini
846 290 973 357 cuiquam

121 371 187 424 satis
199 369 320 434 credere,
333 386 422 436 neque
432 367 534 421 bellum
546 384 643 435 gerere
655 384 745 435 neque
753 383 849 434 pacem
861 366 971 432 habere,

121 463 170 500 suo
190 446 306 515 quisque
325 447 401 497 metu
418 443 541 512 pericula
562 444 661 497 metiri.
699 442 745 496 Ad
765 443 817 496 hoc
835 442 971 508 mulieres,

121 524 219 591 quibus
238 522 279 575 rei
302 519 427 590 publicae
451 520 640 588 magnitudine
660 520 726 573 belli
744 520 828 572 timor
848 518 973 572 insolitus
996 585 999 590 p

121 596 301 667 {incesserat}
319 597 450 651 afflictare
467 614 534 662 sese,
552 614 649 652 manus
665 596 800 664 supplices
817 595 852 649 ad
864 595 972 649 coelum

121 675 245 739 tendere,
258 674 381 726 miserari
393 690 492 742 parvos
503 672 612 741 liberae,
624 674 752 741 rogitare,
765 672 855 725 omnia
866 689 973 740 pavere,

122 751 250 820 superbia
264 753 347 818 atque
360 749 464 802 deliciis
479 750 585 803 omissis
599 748 651 802 sibi
665 747 826 816 patriaeque
841 748 971 802 diffidere.

123 829 164 882 At
177 827 309 881 Catilinae
322 825 441 879 erudelis
456 826 560 878 enimus
578 825 675 878 eadem
691 824 738 877 illa
755 823 891 891 movebat,
905 828 973 878 tam-

123 904 175 958 etsi
191 902 327 973 praesidia
342 900 520 970 parabantur,
535 906 564 954 et
581 900 640 969 ipse
657 901 718 968 lege
737 900 845 953 Plautia
860 900 975 954 interra

122 983 203 1047 gatus
219 982 279 1032 erat
295 977 330 1030 ab
347 978 377 1030 L.
391 976 476 1030 Paulo
520 977 665 1032 Postremo
678 975 866 1029 dissimulandi
880 993 974 1029 caussa

123 1061 172 1110 aut
196 1056 236 1108 sui
262 1047 440 1122 expurgandi,
463 1052 543 1107 sicuti
563 1053 658 1121 jurgio
682 1052 823 1106 lacessitus
846 1052 926 1119 foret,
946 1052 974 1105 in

124 1135 249 1185 senatum
268 1131 350 1184 venit.
386 1130 455 1183 Tum
475 1129 512 1182 Μ.
528 1129 631 1182 Tullius
651 1128 752 1196 consul,
773 1128 829 1182 sive
848 1145 974 1197 praeseu-
1020 1189 1022 1191 ,

124 1209 191 1263 tiam
209 1207 275 1276 ejus'
287 1207 387 1262 timens
405 1206 462 1260 sive
479 1206 521 1259 ira
538 1210 695 1269 coniuratus
712 1205 862 1258 orationem
880 1204 976 1259 habuit
1063 1261 1074 1276 ⁴,

124 1285 290 1338 luculentam
303 1287 387 1351 atque
396 1283 492 1337 ut'lem
506 1283 546 1354 rei
557 1281 689 1351 publicae,
698 1298 779 1351 quam
791 1285 886 1350 postea
894 1282 975 1350 serip-

125 1365 183 1414 tam
195 1359 290 1414 edidit.
327 1359 381 1412 Sed
397 1359 444 1411 ubi
460 1359 507 1412 ille
521 1358 633 1424 assedit,
647 1358 769 1424 Catilina,
782 1360 814 1411 ut
826 1362 886 1412 erat
897 1374 976 1426 para-

124 1440 171 1490 tus
187 1436 224 1489 ad
240 1435 435 1489 dissimulanda
446 1435 543 1498 omnia,
556 1435 675 1488 'demisso
686 1435 770 1501 voltu,
783 1450 848 1487 voce
862 1435 975 1503 supplici

125 1512 272 1582 postulare,
289 1515 383 1580 patres
399 1511 545 1581 conscripti
562 1528 597 1564 ne
614 1511 681 1579 quid
699 1511 735 1564 de
752 1528 782 1564 se
799 1514 904 1564 temere
919 1528 977 1566 cre·
1068 1513 1070 1515 ’

126 1590 243 1653 derent;
269 1587 424 1642 calamitis
444 1593 542 1654 ortum,
564 1588 604 1640 ita
627 1587 663 1640 ab
686 1587 872 1641 adulescentia
891 1588 976 1641 vitam

126 1659 331 1733 instituissent
340 1663 435 1730 omnia
449 1663 521 1718 bona
535 1665 563 1717 in
578 1681 626 1733 spe
638 1662 768 1729 haberet;
785 1680 820 1719 ne
833 1665 978 1718 existuma-

126 1746 190 1796 rent
207 1742 259 1795 sibi
277 1741 393 1810 patricio
411 1741 520 1807 homini,
539 1741 625 1810 cujus.
637 1741 722 1809 ipsius
740 1745 823 1809 atque
843 1740 978 1809 majorum

126 1819 253 1887 pluruma
265 1818 399 1871 beneficia
410 1818 438 1870 in
450 1817 580 1886 populum
594 1817 746 1870 Romanum
759 1819 857 1882 essent,
869 1817 979 1885 perdita

127 1913 158 1948 re
174 1894 282 1963 publfea
298 1910 366 1963 opus
383 1910 449 1958 esse,
462 1911 545 1962 quum
558 1910 619 1946 eam
632 1897 754 1946 servaret
771 1893 809 1946 Μ.
822 1893 925 1946 Tullius
940 1894 979 1945 in-

128 1971 248 2038 quilinus
269 1970 335 2023 ciris
358 1970 434 2022 urbis
456 1969 566 2022 Itoniae.
613 1968 660 2021 hd
683 1969 734 2022 hoc
757 1969 904 2022 maledieta
926 1969 980 2022 a¹ia

88 2108 96 2120 Ι
128 2063 212 2115 quum
230 2046 353 2111 adderet,
371 2045 531 2112 obstrepere
549 2060 649 2106 omnes,
666 2043 774 2097 hostem
792 2048 876 2112 atque
893 2046 979 2113 parri·

128 2122 217 2176 eidam
229 2138 333 2175 vocare.
369 2122 438 2174 Tum
450 2121 496 2173 ille
508 2119 684 2173 furibundus:
702 2120 717 2146 ‘⁶
726 2120 853 2188 quoniam
866 2121 979 2187 quidem

128 2198 350 2265 circumventus‚”
369 2198 466 2265 inquit,
487 2195 544 2249 “ab
563 2196 679 2249 inimicis
697 2212 830 2265 praeceps
848 2213 921 2266 agor,
939 2198 980 2250 in-
1027 2206 1030 2212 '

128 2275 255 2329 cendium
268 2290 359 2326 meum
371 2274 450 2326 ruina
462 2271 653 2339 restinguam.''

130 2402 134 2409 ,
182 2356 222 2404 32.
259 2350 329 2402 Dein
346 2366 376 2402 se
392 2365 427 2402 ex
441 2348 639 2403 curiadomum
656 2349 801 2418 proripuit.
835 2349 880 2402 Ibi
894 2350 981 2404 multa

128 2443 221 2480 seeum
237 2427 296 2494 ipse
310 2425 428 2494 volvens,
443 2426 517 2495 quod
534 2442 624 2492 neque
641 2425 755 2479 insidiae
769 2426 873 2479 consuli
887 2443 981 2494 proce-
1005 2461 1007 2464 ⁴

130 2503 242 2570 debant,
255 2507 284 2556 et
300 2502 334 2555 ab
346 2502 473 2556 incendio
485 2501 664 2569 intellegebat
675 2502 773 2556 urbem
785 2503 884 2571 vigiliis
897 2503 982 2556 muni-

129 2583 195 2646 tam,
209 2583 351 2647 optumum
364 2578 437 2632 iactu
452 2578 566 2632 credens
579 2578 729 2632 exereitum
741 2595 850 2647 augere,
863 2595 895 2632 ae
906 2580 981 2646 prius

130 2672 212 2724 quam
236 2654 357 2722 legiones
382 2654 567 2708 scriberentur
592 2652 702 2723 [niulta]
724 2660 888 2724 antecapere
912 2671 982 2722 quae

130 2731 202 2785 bello
217 2732 278 2784 usui
292 2731 391 2797 forent,
404 2735 484 2785 nocte
498 2732 665 2799 intempesta
680 2747 741 2784 cum
756 2731 849 2800 paucis
864 2731 891 2783 in
905 2732 982 2783 Man-

130 2809 203 2862 liana
219 2812 308 2862 castra
324 2808 463 2877 profectus
477 2811 526 2861 est.
563 2805 620 2860 Sed
632 2807 755 2875 Cethego
769 2811 852 2875 atque
865 2807 981 2859 Lentulo

130 2886 292 2954 ceterisque,
318 2902 433 2954 quorum
460 2888 625 2953 cognoverat
650 2887 806 2953 promptam
833 2883 980 2949 audaciam,

130 2962 244 3016 mandat
255 2962 354 3031 quibus
369 2962 452 3016 rebus
467 2965 580 3031 possent
594 2977 660 3029 opcs
674 2960 799 3014 tationis
813 2959 981 3027 confimrent,

130 3038 243 3092 insidias
255 3040 358 3093 consuli
370 3043 518 3105 maturent,
527 3038 647 3101 caedem,
659 3037 787 3091 incendia
798 3036 905 3104 aliaque
917 3036 982 3089 belli

131 3114 250 3168 facinora
268 3119 379 3181 parent;
404 3133 464 3170 sese
483 3114 643 3185 propediem
662 3130 724 3166 cum
743 3129 841 3181 magno
859 3112 982 3165 exercitu

131 3190 168 3242 ad
187 3190 285 3244 urbem
305 3208 485 3249 accessurum.
528 3191 602 3244 Dum
626 3189 693 3242 haec
715 3190 818 3243 Romae
838 3192 980 3257 geruntur,
