2275 3425
133 108 164 157 40
380 107 409 154 Ο.
428 104 601 153 SALLUSTI
619 103 737 151 CRISPI

131 188 173 242 his
192 185 313 240 moribus
331 186 398 255 quin
417 185 521 239 divitiis
540 187 569 238 et
591 184 754 254 sumptibus,
770 202 825 239 non
842 185 983 255 probitate

131 279 221 332 neque
238 262 375 316 industria
392 279 452 315 cum
471 260 622 329 majoribus
640 261 696 315 suis
714 262 879 316 contendat?
899 263 983 315 etiam

131 338 254 392 homiues
268 339 337 407 novi,
350 338 396 406 qui
409 341 492 391 antea
503 354 554 407 per
566 338 697 391 virtutem
710 337 784 391 soliti
795 341 875 391 erant
886 337 984 391 nobili-

133 418 219 469 tatem
231 414 398 479 antevenire,
412 412 508 466 fartim
522 417 552 467 et
568 429 619 481 per
634 413 777 467 latrocinia
793 414 886 482 potius
902 430 984 481 quam

132 490 211 543 bonis
228 489 334 544 artibus
350 489 384 543 ad
402 489 517 557 imperia
533 491 562 542 ct
578 489 695 542 honores
711 489 852 554 nituntur3
869 489 984 557 proinde

132 566 210 635 quasi
225 569 355 632 praetura
370 568 399 619 et
415 565 572 619 consulatus
587 570 671 632 atque
687 565 740 618 alia
754 566 845 618 omnia
859 566 984 635 hujusce

132 641 207 695 modi
221 659 272 711 per
284 658 314 695 se
325 642 386 710 ipsa
398 640 471 695 clara
483 646 512 695 et
525 642 670 709 magnilica
681 642 744 707 sint,
757 658 789 695 ac
803 658 857 695 non
869 641 984 711 perinde

111 736 115 745 ·
130 717 284 771 habeantur
296 720 433 770 uteorum
446 717 493 785 qui
507 733 540 771 ea
552 717 691 770 sustinent
702 717 791 771 virtus
803 721 853 771 est.
878 717 984 771 Verum

132 808 184 861 ego
195 793 308 847 liberius
321 792 459 860 altiusque
470 793 599 862 processi,
611 793 677 846 dum
689 809 734 848 me
746 793 866 847 civitatis
877 809 984 847 morum
1083 813 1086 819 ·

36 871 40 878 '
132 869 209 937 piget
221 868 385 936 taedetque3
403 885 475 921 nunc
487 867 524 921 ad
535 869 675 936 inceptum
687 869 778 923 reden.

185 950 208 998 5.
244 944 352 997 Bellum
368 944 522 1012 scripturus
538 961 606 1008 sum,
622 943 697 1013 quod
712 945 829 1013 populus
846 944 984 1000 Romanm

132 1036 194 1074 cum
214 1019 355 1088 Jugurtha
375 1036 441 1086 rege
464 1020 647 1073 Numidarum
666 1020 758 1088 gessit,
782 1021 898 1089 primum
920 1022 985 1090 quia
1013 1057 1017 1063 -

133 1112 261 1164 magnum
276 1100 307 1149 et
323 1100 403 1149 atrox
421 1096 549 1163 variaque
561 1096 675 1149 victoria
687 1095 748 1162 fuit,
761 1095 825 1150 dein
841 1097 905 1166 quia
918 1100 985 1151 tunc

132 1172 251 1239 primum
264 1170 409 1240 superbiae
421 1170 572 1225 nobilitatis
582 1171 689 1225 obviam
701 1172 770 1225 itum
783 1175 832 1236 est,
841 1189 912 1240 quae
923 1190 985 1227 con-

133 1248 221 1301 tentio
234 1247 328 1300 dirina
339 1250 368 1300 et
379 1246 498 1300 humana
510 1252 610 1301 cuncta
623 1247 784 1317 permiscuit
795 1264 882 1316 eoque
893 1265 985 1302 vecor-

132 1323 196 1377 diae
207 1323 348 1392 processit,
358 1323 400 1376 uti
413 1323 511 1376 studiis
523 1323 648 1377 civilibus
659 1322 761 1376 bellum
773 1327 857 1391 atque
869 1325 984 1379 vastitas

134 1400 231 1454 Italiae
247 1400 329 1453 finem
349 1400 459 1453 faceret.
495 1399 550 1452 Sed
566 1400 726 1469 priusquam
742 1398 929 1468 hujuscemodi
943 1401 984 1455 rei

131 1476 239 1530 initium
257 1476 380 1544 expedio,
397 1492 484 1544 pauca
502 1492 585 1543 supra
601 1479 733 1544 repetam,
751 1491 805 1543 quo
821 1475 858 1529 ad
873 1493 984 1544 cognos-

132 1551 249 1606 cendum
261 1552 351 1605 omnia
362 1552 479 1605 illustria
491 1552 579 1619 magis
591 1552 732 1619 magisque
743 1551 772 1604 in
784 1556 881 1620 aperto
893 1552 967 1607 sint.-

185 1628 265 1682 Bello
290 1627 391 1681 Punico
415 1627 541 1691 secundo,
563 1644 618 1696 quo
642 1628 699 1680 dux
720 1627 985 1695 Carthaginiensium

134 1703 273 1759 Hannibal
294 1707 357 1773 post
376 1703 592 1772 magnitudinem
613 1704 729 1758 nominis
749 1704 865 1759 Romani
886 1704 985 1760 Italiae

132 1798 199 1850 opes
216 1797 344 1835 maxume
362 1780 514 1859 attriverat,
532 1780 679 1833 Masinissa
696 1797 746 1834 rex
761 1780 942 1834 Numidarum
956 1782 985 1835 iu

133 1856 427 1924 amicitiamvreceptus
444 1873 461 1908 a
479 1856 508 1909 P.
523 1857 657 1925 Scipione,
677 1858 720 1918 cui
737 1860 835 1925 postea
852 1858 984 1911 Africano

133 1950 283 2002 cognomen
301 1949 336 1986 ex
354 1932 457 1985 virtute
476 1931 536 1999 fuit,
553 1933 641 1986 multa
658 1937 688 1986 et
703 1933 843 2001 praeclara
857 1934 898 1986 rei
916 1933 986 1986 mili·

133 2010 200 2063 taris
219 2008 338 2062 facinora
354 2008 465 2075 fecerat,
483 2007 518 2060 ob
532 2025 602 2077 quae
617 2008 697 2061 victis
715 2008 985 2076 Carthaginiensibus

133 2089 162 2139 et
181 2088 260 2154 capto
279 2083 408 2152 Syphace,
427 2084 506 2153 cujus
522 2084 551 2136 in
569 2084 664 2137 Africa
681 2101 808 2153 magnum
826 2089 910 2153 atque
927 2085 985 2140 late

132 2160 278 2230 imperium
296 2159 389 2227 valuit,
407 2159 524 2229 populus
546 2159 694 2227 Romanus,
714 2177 890 2230 quascunque
907 2161 985 2216 urbis

134 2240 163 2291 et
175 2253 256 2305 agros
268 2251 352 2288 manu
363 2238 483 2304 ceperat,
494 2234 554 2303 regi
566 2235 638 2288 dono
651 2234 737 2289 dedit.
765 2236 855 2304 Igitur
866 2237 986 2291 amicitia

134 2313 296 2366 Masinissae
312 2311 384 2365 bona
401 2316 485 2379 atque
503 2310 619 2369 honesta
636 2311 715 2365 nobis
730 2314 894 2380 permansit:
912 2313 985 2382 [sed]

133 2388 232 2457 imperi
244 2387 373 2456 vitaeque
386 2386 445 2454 ejus
457 2387 520 2439 finis
531 2387 606 2440 idem
618 2387 678 2441 fuit.
704 2386 775 2440 Dein
787 2387 901 2456 Micipsa
912 2389 985 2442 filius

134 2481 249 2533 regnum
262 2463 334 2517 solus
347 2463 472 2528 obtinuit,
486 2462 675 2516 Mastanabale
687 2466 716 2516 et
726 2463 843 2516 Gulussa
853 2463 985 2517 fratribus

134 2540 228 2595 morbo
245 2539 406 2607 absumptis.
443 2539 472 2591 Is
490 2538 678 2592 Adherbalem
696 2542 725 2592 et
744 2538 931 2604 Hiempsalem
949 2556 985 2593 ex

134 2634 194 2671 sese
207 2615 310 2686 genuit,
322 2616 341 2668 J
344 2615 553 2684 ugurtharnquo,
568 2614 655 2667 filium
671 2613 867 2668 Mastanabalis
881 2614 984 2683 fratris,

134 2710 215 2763 quem
227 2692 380 2759 Masinissa,
389 2690 462 2759 quod
475 2694 551 2744 ortus
563 2689 756 2744 exconcubina
768 2693 835 2758 erat,
847 2692 985 2760 privatum
1011 2733 1014 2738 .

134 2770 291 2837 reliquerat,
304 2767 402 2822 eodem
415 2767 490 2821 cultu
503 2783 557 2836 quo
569 2766 671 2820 liberos
683 2782 746 2819 suos
759 2765 833 2819 domi
844 2765 949 2821 habuit.

187 2851 211 2898 6.
244 2843 296 2907 Qui
312 2843 359 2897 ubi
373 2844 492 2917 primum
504 2843 631 2910 adolevit,
644 2842 749 2911 pollens
760 2841 871 2909 viribus,
884 2843 985 2898 decora
1079 2840 1087 2847 “

108 2980 111 2987 ,
134 2921 210 2988 facie,
228 2920 277 2974 sed
295 2920 382 2974 multo
399 2936 527 2973 maxume
544 2919 652 2986 ingenio
667 2917 782 2984 validus,
799 2934 852 2972 non
871 2936 901 2972 se
917 2920 985 2973 luxu

134 3013 224 3065 neque
236 2997 351 3050 inertiae
363 2995 593 3065 corrumpendum
605 2994 692 3058 dedit,
702 2993 759 3060 sed,
771 2994 812 3048 uti
824 3011 883 3048 mos
894 2996 985 3063 gentis

136 3071 207 3125 illius
223 3075 272 3139 est,
288 3073 420 3141 equitare,
434 3071 557 3139 jaculari,
572 3086 653 3123 cursu
672 3085 734 3122 cum
750 3070 909 3138 aequalibus
926 3087 985 3125 cer-

136 3150 205 3214 tare,
225 3150 255 3201 et
275 3163 359 3215 quum
380 3147 466 3200 omnis
488 3146 576 3214 gloria
596 3145 723 3211 anteiret,
743 3145 869 3199 omnibus
891 3151 985 3202 tantm
