2275 3425
470 120 679 172 raduariis.
969 131 999 176 a
1048 111 1058 134 ''

147 211 184 249 ne
195 195 300 265 polluta
314 197 425 252 licentia
440 200 569 256 invidiam
584 204 753 272 accenderet,
768 206 888 259 animum
904 222 922 259 a
936 223 998 260 con-

148 276 226 325 sueta
237 272 359 327 lubidine
371 275 510 330 continuit.

202 355 241 403 16.
276 349 352 403 Vicit
364 355 456 405 tamen
473 354 501 405 in
514 358 611 408 senatu
626 373 691 424 pars
703 356 757 424 illa,
773 374 920 426 quaerero
936 375 998 427 pre-

147 424 216 477 tium
227 428 276 478 aut
290 427 408 493 gratiam
420 429 599 484 anteferebat.
631 431 779 485 Decretum
796 433 836 500 fit,
847 433 889 486 uti
901 434 996 488 decem

147 499 230 567 legati
243 513 357 569 regnum
370 504 996 575 11161Μί61116601111161611111611191111611

147 578 176 628 et
201 577 390 632 Adherbalem
412 579 583 647 dividerent3
603 582 682 651 cujus
705 583 847 651 legationis
870 585 997 655 princeps

146 651 200 705 fuit
217 653 247 707 L.
261 653 393 723 Opimius,
407 656 487 709 homo
505 657 595 710 clarus
611 663 640 712 ct
658 662 716 712 tum
733 661 761 712 in
780 665 877 713 senatu
890 664 996 729 potens,

147 729 211 796 quia
226 730 319 783 consul
336 731 365 784 Ο.
379 731 502 787 Graccho
519 738 548 787 et
564 735 601 787 Μ.
616 734 711 788 Fulvio
728 735 826 789 Flacco
843 736 997 790 interfectis

146 821 285 871 acerrume
309 807 451 862 victoriam
470 809 623 863 nobilitatis
646 811 673 863 in
693 810 802 880 plebem
826 817 995 867 exercuerat.

62 892 67 900 ·
146 882 217 935 Eum
229 883 369 950 Jugurtha
383 885 494 939 tametsi
512 886 615 939 Rornae
632 887 659 938 in
673 887 788 941 inimicis
799 887 939 956 habuerat,
955 892 996 941 ta-

144 974 208 1011 men
220 961 421 1033 accuratissime
436 962 555 1029 recepit;
569 961 660 1015 dando
672 966 701 1015 61
717 962 893 1030 pollicitando
909 963 996 1016 multa

144 1034 261 1102 perfecit
277 1036 319 1089 uti
336 1037 431 1103 famae,
451 1036 514 1103 fide,
533 1042 673 1105 postremo
692 1037 818 1090 omuibus
837 1038 892 1091 suis
912 1037 995 1091 rebus

145 1112 316 1164 commodum
335 1113 407 1179 regis
427 1113 584 1166 anteferret.
621 1113 751 1181 Reliquos
772 1113 877 1181 legatos
898 1114 994 1167 eadem

144 1186 189 1239 via
201 1203 345 1255 aggressus
361 1188 504 1257 plerosque
517 1189 605 1257 capit3
622 1189 715 1257 paucis
727 1189 816 1241 carior
831 1188 900 1241 fides
912 1205 994 1256 quam

143 1264 259 1329 pecunia
270 1263 329 1317 fuit.
365 1265 398 1316 In
412 1264 550 1332 divisione,
566 1280 637 1331 quae
648 1280 713 1332 pars
729 1263 874 1317 Numidiae
888 1264 995 1318 Maure-

144 1338 246 1391 taniam
255 1340 376 1407 attingit,
388 1357 454 1407 agro
466 1339 586 1407 virisque
598 1339 759 1407 opulentior,
772 1339 791 1391 J
792 1341 927 1407 ugurthae
941 1344 994 1394 tra-

144 1414 236 1480 ditur3
253 1416 327 1469 illam
345 1416 460 1469 alteram
478 1417 568 1484 specie
590 1432 672 1484 quam
690 1431 741 1468 usu
761 1416 903 1484 potiorem,
923 1433 994 1484 quae

86 1541 88 1545 ,
144 1492 298 1557 portuosior
316 1495 346 1546 et
363 1491 494 1545 aedificiis
511 1491 599 1558 magis
616 1494 748 1544 exornata
765 1494 832 1559 erat,
851 1490 993 1544 Adherbal

144 1567 274 1633 possedit.

154 1695 157 1699 .
199 1646 238 1698 17.
274 1642 330 1695 Res
345 1635 484 1710 postulare
496 1642 606 1696 videtur
618 1642 729 1695 Africae
743 1641 826 1695 situm
842 1642 934 1709 paucis
946 1659 993 1695 ex-

143 1733 253 1785 ponere,
266 1724 295 1772 et
307 1735 354 1772 eas
365 1719 455 1786 gentis
468 1719 629 1788 quibuscum
641 1719 719 1771 nobis
731 1718 831 1771 bellum
844 1722 892 1771 aut
903 1719 993 1773 amici-

143 1793 183 1847 tia
193 1794 247 1847 fuit
259 1795 403 1861 attingere.
431 1794 487 1848 Sed
499 1812 569 1863 quae
581 1794 640 1847 loca
653 1797 681 1847 et
693 1796 817 1847 nationes
828 1793 864 1846 ob
875 1794 991 1848 calorem

143 1873 192 1922 aut
216 1870 402 1938 asperitatem,
426 1871 492 1923 item
516 1870 677 1924 solitudines
703 1871 793 1922 minus
817 1870 992 1937 frequentata

143 1948 214 2011 sunt,
228 1945 263 1998 de
279 1945 313 1999 iis
328 1945 402 1999 haud
418 1946 497 1999 facile
513 1949 683 2013 compertum
700 1946 881 2011 narraverim3
899 1951 992 2000 cetera

143 2038 224 2089 quam
240 2022 419 2091 paucissumis
435 2022 581 2076 absolvam.
616 2023 650 2074 In
666 2021 795 2075 divisione
812 2021 885 2075 orbis
901 2027 991 2076 terrae

141 2097 265 2166 plerique
281 2097 310 2150 in
324 2102 430 2166 partem
445 2097 557 2152 tertiam
573 2098 694 2151 Africam
706 2114 830 2167 posuere,
840 2098 919 2166 pauci
931 2102 991 2151 tan-

142 2174 285 2227 tummodo
297 2175 392 2227 Asiam
407 2178 436 2228 61
453 2174 589 2242 Europam
606 2191 673 2240 esse,
690 2174 740 2248 sed
756 2174 877 2227 Africam
894 2174 922 2226 in
939 2175 991 2227 Eu-

141 2266 214 2317 ropa.
232 2243 234 2250 ’
251 2249 291 2303 Ea
307 2250 368 2303 finis
382 2249 467 2303 habet
482 2249 517 2302 ab
532 2249 674 2303 occidente
690 2249 792 2303 fretum
804 2250 890 2302 nostri
907 2252 990 2302 uraris

141 2328 170 2378 et
191 2325 299 2392 Oceani,
319 2325 354 2379 ab
376 2330 438 2378 ortu
463 2326 526 2379 solis
547 2325 680 2379 declivem
704 2325 886 2392 latitudinem,
908 2343 987 2393 quern

141 2400 234 2455 locuni.
249 2401 448 2455 Catabathmon
469 2401 573 2455 incolae
593 2401 739 2471 appellant.
775 2402 854 2454 Mare
872 2417 989 2468 saevum,

141 2477 347 2546 importuosum,
360 2495 426 2545 ager
437 2478 546 2544 frugum
558 2477 664 2545 fertilis,
676 2476 763 2530 bonus
779 2476 878 2545 pecori,
892 2477 990 2529 arbore

141 2553 309 2620 infecundus,
334 2553 407 2606 coelo
432 2556 560 2620 terraque
583 2553 698 2621 penuria
721 2568 861 2621 aquarum.
897 2552 990 2606 Genus

140 2628 279 2682 hominum
295 2628 398 2682 salubri
413 2645 533 2696 corpore,
550 2629 636 2696 velox,
652 2627 760 2696 patiens
775 2628 913 2692 laborum3
934 2627 990 2695 ple-

141 2720 240 2771 rosque
252 2709 378 2758 senectus
390 2702 584 2772 dissolvit,11isi
596 2704 643 2772 qui
655 2704 728 2757 ferro
740 2707 788 2756 aut
800 2703 897 2756 bestiis
908 2703 990 2756 inter-

140 2780 211 2845 iere;
230 2797 291 2833 nam
308 2780 419 2833 morbus
435 2780 509 2834 haud
525 2797 607 2848 saepe
627 2795 790 2848 quemquam
810 2781 936 2847 superat3
954 2777 991 2830 ad

141 2855 191 2909 hoe
210 2857 324 2909 malefici
344 2858 451 2924 generis
470 2857 596 2924 pluruma
612 2855 746 2908 animalia.
783 2852 838 2907 Sed
855 2854 901 2919 qui
918 2868 990 2905 mor·

140 2932 209 2984 tales
228 2931 306 2986 initio
328 2932 450 2985 Africam
468 2932 620 2996 habuerint,
638 2931 738 3000 quique
757 2932 853 2996 postea
871 2943 990 2980 accesse-

141 3006 205 3072 rint,
216 3011 266 3060 aut
277 3008 412 3076 quomodo
426 3007 499 3060 inter·
514 3024 543 3061 se
558 3006 690 3077 permixti
702 3006 764 3069 sint,
779 3017 941 3069 quamquam
953 2999 989 3052 ab

141 3099 174 3135 ea
188 3083 261 3136 fama
273 3101 342 3153 quae
358 3084 502 3153 plerosque
514 3083 621 3135 obtinet
638 3080 776 3133 divorsum
788 3081 838 3141 est,
850 3079 941 3127 tamen
957 3076 989 3126 ut

140 3175 175 3213 cx
192 3158 269 3213 libris
288 3159 405 3226 Punicis,
420 3159 468 3226 qui
486 3158 559 3224 regis
579 3153 746 3222 Hiempsalis
762 3148 931 3210 dicebantur,
948 3148 989 3198 in·
