2275 3425
402 133 406 138 '
482 130 667 179 CANILINA.
970 128 999 173 ia

151 210 244 264 studia
261 210 399 264 hominum
420 211 545 265 accendit
565 211 602 265 ad
626 209 797 264 consulatum
815 205 1000 259 mandandum

151 285 189 338 M.
202 285 288 339 Tullio
308 286 440 340 Ciceroni.
476 288 603 355 Namque
622 289 704 339 autea
722 283 854 353 pleraque
873 280 1000 333 nobilitas

150 362 252 414 invidia
265 362 416 429 aestuabat,
429 367 458 416 et
470 364 547 432 quasi
559 362 644 431 pollui
661 359 830 413 consulatum
843 356 1000 423 credebant,

153 436 175 489 si
197 454 258 490 eum
274 439 403 506 ’quamvis
424 438 550 505 egregius
569 436 651 489 homo
672 450 757 487 novus
780 432 898 501 adeptus
921 432 1000 484 foret.

153 512 209 566 Sed
220 512 268 566 ubi
285 513 437 582 periculum
449 513 567 578 advenit,
580 511 682 565 invidia
694 513 777 578 atque
796 505 924 577 superbia
938 510 1001 574 post

152 585 235 642 fuere.

206 670 247 719 24.
284 665 374 734 Igitur
388 665 506 720 comitiis
521 664 624 720 habitis
639 663 764 718 eonsules
776 661 951 716 declarantur
963 659 1001 712 M.

154 740 257 794 Tullius
270 744 298 794 ct
318 741 346 796 C.
362 742 505 795 Antonius
542 741 622 805 Quod
637 742 740 793 iactum
756 739 843 807 primo
862 737 1002 806 popularis

148 816 347 884 ¹conjurationis
359 819 538 880 concusserat.
562 816 661 883 Neque
672 819 765 868 tamen
778 812 912 867 Catilinae
924 812 1003 864 furor

151 891 334 959 minuebatur,
348 892 436 946 sedin
449 891 507 944 dies
525 891 604 960 plura
615 890 728 958 agitare,
741 905 817 943 arma
829 904 879 956 per
892 886 1016 952 ltaliam,

154 965 219 1020 locis
231 968 389 1037 opportunis
400 984 506 1035 parare,
515 968 657 1035 pecuniam
670 983 719 1019 sua
730 969 778 1018 aut
787 964 935 1017 amicoriun
948 962 1003 1015 fide

155 1046 290 1109 sumptam
302 1047 426 1097 mutuam
447 1043 576 1096 Faesulas
592 1042 628 1094 ad
641 1041 773 1094 Manlium
786 1039 924 1107 quendam
940 1055 1003 1106 por-

154 1120 222 1181 tare,
235 1119 281 1186 qui
300 1122 396 1189 postea
416 1120 541 1188 princeps
559 1119 612 1171 fuit
631 1117 696 1170 belli
712 1115 840 1168 faciundi.
878 1115 918 1167 Ea
936 1119 1003 1167 tem-

154 1197 263 1262 pestate
273 1194 412 1262 plurumos
420 1194 552 1263 cujusque
560 1193 669 1261 generis
680 1191 803 1244 homines
812 1191 938 1244 ascivisse
951 1191 1003 1244 sibi

155 1269 262 1335 dieitur,
285 1270 413 1323 mulieres
437 1270 520 1323 otiam
545 1269 657 1337 aliquot,
681 1283 752 1335 quae
775 1265 863 1334 primo
886 1267 1003 1333 ingentis

155 1348 280 1412 sumptus
300 1348 396 1413 stupro
418 1346 538 1413 corporis
561 1344 755 1407 toleraverant,
776 1345 839 1410 post
862 1339 910 1394 ubi
927 1346 1003 1396 aetas

155 1420 345 1473 tantummodo
364 1420 490 1488 quaestui
509 1435 600 1487 neque
618 1418 743 1471 luxuriae
761 1416 872 1470 modum
891 1417 1003 1485 fecerat,

156 1511 202 1548 aes
214 1495 331 1547 alienum
347 1495 451 1560 grande
470 1495 662 1547 conflaverant.
700 1493 754 1546 Per
772 1511 818 1548 eas
836 1511 865 1547 sc
885 1495 1004 1548 Catilina

156 1569 287 1624 credebat
305 1587 384 1639 posse
397 1571 507 1624 servitia
519 1569 624 1622 urbana
637 1568 791 1635 sollicitare,
803 1569 901 1623 urbem
914 1572 1002 1624 ineen-

156 1645 230 1712 dere,
243 1647 315 1699 viros
328 1663 421 1700 earum
434 1646 476 1699 vel
489 1645 641 1714 adjungere
654 1645 705 1698 sibi
717 1646 760 1699 vel
772 1646 933 1701 interficere.

208 1729 248 1776 25.
284 1723 340 1777 Sed
359 1725 387 1776 in
407 1723 448 1776 his
468 1724 527 1777 erat
548 1723 714 1791 Sempronia,
728 1739 798 1792 quae
816 1725 903 1779 multa
921 1742 1003 1794 saepe

156 1799 242 1854 virilis
254 1800 383 1853 audaciae
395 1801 516 1853 facinora
533 1800 713 1854 commiserat
752 1799 829 1853 Haec
840 1802 939 1855 mulier
957 1819 1003 1870 gc-

156 1892 222 1930 nere
234 1879 317 1944 atque
327 1877 420 1943 forma,
433 1879 577 1944 praeterea
593 1876 659 1943 viro,
671 1875 764 1929 liberis
782 1877 849 1931 satis
861 1877 1002 1931 fortunata

156 1951 224 2018 fuit;
240 1952 326 2005 literis
346 1952 458 2006 Graccis
478 1956 507 2005 et
527 1952 634 2005 Latinis
651 1951 739 2019 docta,
758 1953 882 2022 psallere,
903 1954 1003 2008 saltare

156 2028 306 2095 elegantius
325 2044 407 2095 quam
428 2044 538 2082 necesse
558 2031 601 2081 est
620 2026 729 2096 probae,
748 2029 835 2083 multa
850 2032 912 2099 alia,
933 2048 1003 2100 quae

155 2104 336 2158 instrumenta
348 2105 472 2158 luxuriae
484 2108 555 2158 sunt.
574 2103 629 2157 Sed
641 2104 667 2156 ei
679 2105 784 2158 cariora
796 2123 904 2175 semper
913 2106 1004 2160 omnia

156 2196 236 2247 quam
258 2180 343 2241 decus
360 2185 443 2249 atque
462 2180 596 2249 pudicitia
616 2180 683 2245 iuit3
706 2182 838 2249 pecuniae
857 2199 891 2234 au
915 2183 1003 2235 famae

156 2255 246 2308 minus
266 2262 400 2324 parceret,
421 2256 494 2309 haud
515 2256 595 2309 facile
619 2257 804 2322 discerneres,
827 2257 948 2310 lubidine
966 2259 1004 2310 sic

156 2348 268 2386 accensa
279 2335 311 2385 ut
328 2334 435 2400 saepius
451 2334 560 2399 peteret
576 2333 649 2385 viros
665 2350 747 2400 quam
764 2337 912 2401 peteretur.
949 2333 1004 2388 Sed

144 2408 189 2462 'ca
201 2426 281 2477 saepe
298 2408 414 2461 antchac
432 2407 515 2461 fidem
531 2407 700 2477 prodiderat,
712 2410 847 2462 creditum
863 2402 1004 2477 abjurave-

156 2487 208 2551 rat,
221 2484 313 2538 caedis
324 2485 430 2537 conseia
446 2484 543 2552 fuerat,
555 2484 663 2537 luxuria
675 2487 759 2552 atque
771 2487 863 2554 inopia
874 2502 1005 2554 praeceps

156 2559 270 2614 abierat.
305 2561 410 2614 Verum
423 2560 562 2628 ingenium
574 2559 635 2627 ejus
651 2560 725 2613 haud
742 2560 906 2627 absurdum3
924 2579 1005 2630 posse

157 2651 251 2689 versus
271 2638 367 2704 facere,
375 2635 468 2704 jocum
486 2651 604 2703 movere,
617 2653 741 2690 sermone
758 2638 800 2691 uti
818 2637 861 2690 vel
880 2638 1005 2691 modesto

157 2712 200 2764 vel
212 2713 286 2766 molli
298 2713 341 2766 vel
353 2712 474 2781 procaci3
485 2728 598 2782 prorsus
610 2713 713 2767 multae
724 2714 839 2767 facetiae
848 2712 1006 2780 multusque

156 2787 232 2856 lepos
244 2789 339 2842 inerat.
708 2808 722 2820 ‘

208 2870 249 2919 26.
288 2864 341 2917 His
358 2863 441 2918 rebus
457 2866 621 2935 comparatis
634 2866 751 2920 Catilina
769 2865 852 2918 nihilo
870 2865 959 2918 minus
977 2865 1005 2918 in

156 2956 319 3008 proxumum
339 2958 440 2994 annum
459 2941 629 2995 consulatum
648 2940 767 3010 petebat,
781 2955 900 3006 sperans,
921 2941 943 2992 si
960 2940 1006 2991 de-

158 3016 281 3082 signatus
298 3016 378 3084 foret,
392 3017 470 3070 troile
490 3033 520 3070 se
536 3033 570 3070 ex
589 3017 729 3069 voluntate
748 3013 869 3065 Antonio
885 3029 1005 3065 usurum.

158 3090 255 3158 Neque
267 3092 373 3146 interea
384 3093 494 3161 quietus
507 3096 574 3158 erat,
587 3093 636 3145 sed
653 3089 778 3143 omnibus
793 3087 882 3140 modis
894 3088 1006 3139 insidias

157 3167 273 3236 parabat
286 3168 416 3223 Ciceroni.
452 3168 478 3221 N
480 3184 551 3235 eque
562 3167 602 3220 illi
613 3170 706 3218 tamen
717 3163 753 3216 sd
765 3162 915 3217 cavendum
927 3161 1007 3213 dolus
