2275 3425
127 114 169 160 20.
379 111 408 159 C.
426 111 600 161 SALLUSTI
616 67 734 162 onisii

182 195 222 245 39.
258 190 315 245 Sed
333 194 478 259 postquam
498 193 547 247 On.
561 193 707 263 Pompeius
726 194 762 248 ad
780 192 882 250 bellum
901 196 983 249 inari-⁴

130 268 237 319 turnum
257 271 341 336 atque
366 268 585 322 Mithridaticum
608 270 706 322 missus
731 274 783 338 ost,
806 270 894 338 plebis
915 286 983 338 opes

129 342 298 411 imminutae,
311 340 458 412 paucorum
472 346 597 412 pctcntia
608 345 703 399 crevit.
740 347 779 399 Hi
795 346 982 412 magistratus,

129 419 290 488 provincias,
303 421 409 488 aliaque
424 421 514 474 omnia
529 417 637 486 tenere;
655 422 705 489 ipsi
721 421 829 488 innoxii,
843 421 981 487 florentes,

130 497 188 549 sine
206 498 282 549 metu
300 500 420 549 aetatem
438 513 529 564 agere,
544 501 653 552 ceteros
665 497 778 565 judiciis
794 502 909 563 terrere,
928 512 983 564 quo

130 572 238 641 plebem
263 572 291 624 in
315 571 478 640 magistratu
501 574 635 641 placidius
658 576 818 628 tractarent.
855 573 911 626 Sed
933 572 982 625 nbi

129 647 248 715 primuni
269 646 361 700 dubiis
385 647 467 702 rebus
489 650 607 702 novandi
633 649 811 717 spesoblata
831 651 882 714 est,
902 651 982 700 votus

125 730 269 775 certamen
283 722 393 776 animos
402 740 495 777 eorum
508 724 620 778 arrexit.
655 724 759 788 Quodsi
775 725 864 793 primo
877 722 982 790 proelio

125 798 249 851 »Catilina
266 798 389 866 superior
403 803 452 853 ant
465 816 652 868 aequamanu
665 800 843 866 discessisset,
858 798 982 868 profecto

127 890 229 941 magna
242 873 332 927 clades
349 877 433 943 'atque
449 874 591 929 calamitas
607 892 665 928 rem
682 874 820 944 publicam
833 873 982 941 oppressis-

131 953 188 1015 set3
206 965 295 1017 nsque
310 949 374 1017 illis,
388 950 434 1018 qui
452 950 594 1003 victoriam
610 951 705 1019 adepti
719 950 817 1017 forent,
830 948 982 1021 diutiusea

129 1026 172 1078 uti
184 1025 305 1078 licuisset
314 1025 380 1102 quin
393 1025 507 1079 defessis
520 1033 548 1079 et
561 1025 745 1094 exsanguibus
754 1024 801 1093 qui
814 1024 877 1093 plus
888 1025 981 1092 posset

127 1100 274 1170 :imperium
286 1103 370 1169 atque
380 1100 538 1155 libertatem
551 1104 738 1170 extorqueret.

182 1176 271 1230 Fuere
283 1180 374 1229 tamon
387 1179 467 1229 extra
482 1177 698 1244 conjurationem
710 1176 868 1244 complures,
885 1174 932 1243 qui
944 1173 980 1226 ad

131 1252 276 1306 Catilinam
290 1252 367 1304 initio
378 1251 494 1319 profecti
507 1257 572 1320 sunt
580 1273 586 1317 ;
607 1253 635 1305 in
647 1253 691 1305 his
706 1250 790 1321 [orat]
807 1253 842 1304 A.
859 1250 980 1314 Fulvius,

127 1327 264 1381 senatoris
277 1327 355 1394 filius,
368 1343 449 1395 quem
458 1331 608 1381 retractum
622 1344 657 1380 ex
669 1328 768 1381 itinere
780 1342 878 1394 parens
889 1325 980 1378 necari

128 1401 218 1469 jussit.
255 1402 347 1455 Isdem
360 1403 530 1471 temporibus
543 1403 647 1456 Itomae
660 1403 802 1467 Lentulus,
814 1402 894 1455 sicuti
906 1400 980 1453 Cati-

130 1478 186 1532 lina
197 1481 381 1546 praeceperat,
394 1495 569 1546 quoscnnque
581 1479 703 1532 moribus
719 1480 767 1530 ant
781 1477 892 1529 fortuna
903 1475 981 1527 novis

130 1553 213 1607 'rebus
224 1554 336 1607 idoneos
348 1549 484 1621 credebat,
503 1558 550 1607 ant
566 1571 617 1622 per
633 1571 662 1607 se
675 1557 724 1607 aut
739 1569 789 1620 per
800 1551 868 1605 alios
885 1549 980 1602 solliei-

132 1629 216 1696 tabat,
225 1646 313 1697 neqno
326 1630 413 1683 solum
425 1630 497 1697 civis,
510 1630 559 1683 sed
575 1625 784 1697 cujusquemodi
797 1642 883 1694 genus
895 1624 979 1677 homi-

129 1723 197 1760 nnm
210 1705 283 1774 quod
294 1705 375 1758 modo
386 1704 457 1759 bello
469 1706 530 1759 usui
542 1705 624 1759 foret.

183 1787 224 1836 40.
260 1782 349 1848 Igitur
369 1782 399 1834 P.
425 1781 562 1835 Umbreno
581 1781 688 1835 cuidam
706 1780 845 1848 negotium
863 1777 920 1842 dat,
939 1774 980 1829 nti

130 1859 237 1925 legatos
256 1856 433 1924 Allobrogum
452 1858 582 1928 requirat,
594 1872 698 1923 ,eosque
717 1855 739 1907 si
755 1854 842 1923 possit
858 1851 981 1919 impellat

132 1934 169 1987 ad
181 1934 338 1987 societatem
348 1932 419 1995 belli,
429 1933 596 1985 existumans
605 1931 713 1999 publice
724 1929 906 1999 privatimque
918 1942 981 1980 aere

48 1996 62 2013 '
131 2011 220 2071 alieno
229 2024 379 2078 oppressos,
389 2012 531 2075 practerea
542 2008 616 2074 quod
625 2015 723 2059 natura
733 2021 802 2073 gens
814 2002 916 2057 Gallica
924 2001 981 2055 bel-

133 2086 214 2139 licosa
232 2087 310 2149 esset,
329 2083 406 2135 facile
417 2098 472 2135 eos
489 2083 525 2135 ad
542 2083 598 2136 tale
616 2081 756 2136 consilinm
774 2078 874 2132 adduci
894 2093 981 2145 posse.

131 2160 297 2225 Umbrenus,
317 2158 390 2227 quod
414 2159 442 2210 in
467 2157 555 2211 Gallia
577 2157 731 2225 negotiatus
755 2157 824 2220 erat,
844 2153 982 2221 plerisque

130 2235 300 2305 principibus
324 2233 475 2287 civitatium
497 2237 579 2286 notus
601 2236 661 2286 erat
682 2236 833 2300 atque'eos
854 2229 982 2290 noverat;

132 2314 226 2381 itaquo
242 2312 300 2363 sine
316 2326 398 2377 mora,
411 2308 458 2362 nbi
470 2309 588 2377 primum
600 2304 706 2375 legatos
723 2307 752 2359 in
763 2306 822 2358 foro
835 2301 982 2369 conspexit,

133 2389 308 2458 percontatus
319 2401 407 2453 pauca
418 2386 454 2438 de
467 2388 541 2438 statu
551 2383 669 2436 civitatis
680 2387 710 2436 ct
725 2381 803 2450 quasi
816 2378 911 2432 dolens
922 2374 984 2444 ejus

134 2479 225 2517 casum
239 2461 379 2528 requirere
394 2462 490 2528 coepit,
508 2477 590 2529 quem
605 2459 709 2533 exitum
728 2457 814 2510 tantis
829 2454 907 2507 malis
925 2468 984 2520 spe·

89 2600 91 2603 v
135 2539 243 2602 parenti
274 2536 422 2604 Postquam
440 2536 501 2590 illos
517 2535 595 2588 videt
612 2533 691 2603 queri
715 2530 750 2584 do
768 2530 882 2583 avaritia
900 2527 983 2594 inagi-

135 2619 278 2680 stratuum,
303 2628 429 2665 accusare
453 2615 586 2676 senatum,
611 2609 685 2677 quod
708 2608 736 2660 in
760 2622 793 2658 eo
812 2603 896 2657 auxili
917 2600 984 2654 nini

135 2695 213 2755 esset,
226 2689 341 2742 miseriis
353 2687 410 2740 suis
425 2685 577 2740 remedium
593 2688 709 2736 mortem
724 2682 901 2750 exspectare:
919 2679 986 2728 “At
1087 2725 1094 2729 ,

137 2768 207 2837 0··o,’'
225 2765 322 2833 inquit,
341 2762 448 2830 “nobis,
466 2760 585 2814 simodo
602 2758 653 2811 viri
669 2756 832 2821 essevoltis,
851 2753 986 2807 rationem

135 2842 278 2897 ostendam
302 2857 357 2909 qua
380 2842 458 2893 tanta
481 2839 535 2891 ista
553 2836 625 2890 mala
645 2831 804 2899 effigiatis?
838 2830 915 2882 Haec
938 2827 985 2880 ubi

136 2921 213 2986 dixit,
227 2915 389 2984 Allobroges
400 2916 428 2968 in
438 2930 591 2968 maxumam
604 2928 680 2981 spem
692 2907 803 2963 adducti
816 2905 987 2959 Umbrenum

136 3012 212 3049 orare
228 2998 256 3046 ut
269 2993 309 3045 sui
324 2993 515 3059 misereretur3
532 2989 599 3042 nihil
610 2993 668 3041 tom
684 3000 810 3051 asperum
824 2996 913 3049 nsque
930 2983 987 3031 tam

137 3068 245 3121 difficile
263 3083 331 3134 csse,
344 3068 418 3135 quod
431 3084 484 3120 non
497 3064 680 3133 cupidissume
697 3059 795 3113 facturi
808 3060 907 3120 essent,
921 3054 988 3106 duni

137 3161 171 3198 ea
187 3159 231 3213 res
245 3141 385 3196 civitatem
402 3160 466 3198 aere
482 3141 570 3211 alieno
589 3138 725 3192 liberaret.
764 3132 815 3186 lllc
832 3146 879 3184 cos
895 3129 923 3181 in
940 3127 988 3180 do-
