<?xml version="1.0" encoding="UTF-8"?>
<!DOCTYPE html PUBLIC "-//W3C//DTD XHTML 1.0 Transitional//EN"
    "http://www.w3.org/TR/xhtml1/DTD/xhtml1-transitional.dtd">
<html xmlns="http://www.w3.org/1999/xhtml" xml:lang="en" lang="en">
 <head>
  <title>
</title>
<meta http-equiv="Content-Type" content="text/html;charset=utf-8" />
  <meta name='ocr-system' content='tesseract 3.04.00' />
  <meta name='ocr-capabilities' content='ocr_page ocr_carea ocr_par ocr_line ocrx_word'/>
</head>
<body>
  <div class='ocr_page' id='page_1' title='image "./csallusticrispi00longgoog_0111.png"; bbox 0 0 2275 3425; ppageno 0'>
   <div class='ocr_carea' id='block_1_1' title="bbox 469 116 998 169">
    <p class='ocr_par' dir='ltr' id='par_1_1' title="bbox 469 116 998 169">
     <span class='ocr_line' id='line_1_1' title="bbox 469 116 998 169; baseline 0.006 -4"><span class='ocrx_word' id='word_1_1' title='bbox 469 116 487 165; x_wconf 90' lang='lat' dir='ltr'><strong>J</strong></span> <span class='ocrx_word' id='word_1_2' title='bbox 490 116 678 166; x_wconf 85' lang='lat' dir='ltr'><strong>UGURTHA.</strong></span> <span class='ocrx_word' id='word_1_3' title='bbox 967 118 998 169; x_wconf 78' lang='lat'>97</span> 
     </span>
    </p>
   </div>
   <div class='ocr_carea' id='block_1_2' title="bbox 144 197 1001 3219">
    <p class='ocr_par' dir='ltr' id='par_1_2' title="bbox 146 197 1000 1478">
     <span class='ocr_line' id='line_1_2' title="bbox 146 197 999 265; baseline -0.004 -12"><span class='ocrx_word' id='word_1_4' title='bbox 146 213 226 252; x_wconf 83' lang='lat' dir='ltr'>secus</span> <span class='ocrx_word' id='word_1_5' title='bbox 241 199 387 253; x_wconf 85' lang='lat' dir='ltr'>difficilem.</span> <span class='ocrx_word' id='word_1_6' title='bbox 422 198 448 251; x_wconf 87' lang='lat' dir='ltr'><strong>N</strong></span> <span class='ocrx_word' id='word_1_7' title='bbox 450 214 550 265; x_wconf 90' lang='lat' dir='ltr'>amque</span> <span class='ocrx_word' id='word_1_8' title='bbox 564 197 640 251; x_wconf 90' lang='lat' dir='ltr'>haud</span> <span class='ocrx_word' id='word_1_9' title='bbox 657 198 738 265; x_wconf 88' lang='lat' dir='ltr'>longe</span> <span class='ocrx_word' id='word_1_10' title='bbox 749 214 767 251; x_wconf 91' lang='lat' dir='ltr'>a</span> <span class='ocrx_word' id='word_1_11' title='bbox 781 198 892 250; x_wconf 87' lang='lat' dir='ltr'>flumine</span> <span class='ocrx_word' id='word_1_12' title='bbox 910 197 999 250; x_wconf 85' lang='lat' dir='ltr'>Mulu-</span> 
     </span>
     <span class='ocr_line' id='line_1_3' title="bbox 146 272 999 343; baseline -0.001 -16"><span class='ocrx_word' id='word_1_13' title='bbox 146 273 206 341; x_wconf 85' lang='lat' dir='ltr'>cha,</span> <span class='ocrx_word' id='word_1_14' title='bbox 227 274 303 343; x_wconf 88' lang='lat' dir='ltr'>quod</span> <span class='ocrx_word' id='word_1_15' title='bbox 323 274 478 342; x_wconf 85' lang='lat' dir='ltr'>Jugurthae</span> <span class='ocrx_word' id='word_1_16' title='bbox 502 273 656 343; x_wconf 89' lang='lat' dir='ltr'>Bocchique</span> <span class='ocrx_word' id='word_1_17' title='bbox 679 290 794 342; x_wconf 90' lang='lat' dir='ltr'>regnum</span> <span class='ocrx_word' id='word_1_18' title='bbox 816 272 999 340; x_wconf 77' lang='lat' dir='ltr'>disjungebat,</span> 
     </span>
     <span class='ocr_line' id='line_1_4' title="bbox 147 349 999 419; baseline -0.002 -17"><span class='ocrx_word' id='word_1_19' title='bbox 147 353 209 403; x_wconf 88' lang='lat' dir='ltr'>erat</span> <span class='ocrx_word' id='word_1_20' title='bbox 232 351 306 404; x_wconf 87' lang='lat' dir='ltr'>inter</span> <span class='ocrx_word' id='word_1_21' title='bbox 328 355 449 404; x_wconf 87' lang='lat' dir='ltr'>ceteram</span> <span class='ocrx_word' id='word_1_22' title='bbox 472 349 613 419; x_wconf 78' lang='lat' dir='ltr'>planitiem</span> <span class='ocrx_word' id='word_1_23' title='bbox 636 366 714 403; x_wconf 91' lang='lat' dir='ltr'>mons</span> <span class='ocrx_word' id='word_1_24' title='bbox 738 365 844 416; x_wconf 85' lang='lat' dir='ltr'>saxeus,</span> <span class='ocrx_word' id='word_1_25' title='bbox 867 349 999 401; x_wconf 87' lang='lat' dir='ltr'>mediocri</span> 
     </span>
     <span class='ocr_line' id='line_1_5' title="bbox 146 425 999 494; baseline -0.002 -16"><span class='ocrx_word' id='word_1_26' title='bbox 146 426 259 479; x_wconf 83' lang='lat' dir='ltr'>castello</span> <span class='ocrx_word' id='word_1_27' title='bbox 275 426 342 480; x_wconf 89' lang='lat' dir='ltr'>satis</span> <span class='ocrx_word' id='word_1_28' title='bbox 358 429 465 494; x_wconf 89' lang='lat' dir='ltr'>patens,</span> <span class='ocrx_word' id='word_1_29' title='bbox 484 426 512 478; x_wconf 94' lang='lat' dir='ltr'>in</span> <span class='ocrx_word' id='word_1_30' title='bbox 530 425 692 478; x_wconf 87' lang='lat' dir='ltr'>immensum</span> <span class='ocrx_word' id='word_1_31' title='bbox 710 425 810 489; x_wconf 89' lang='lat' dir='ltr'>editus,</span> <span class='ocrx_word' id='word_1_32' title='bbox 829 441 884 477; x_wconf 87' lang='lat' dir='ltr'>uno</span> <span class='ocrx_word' id='word_1_33' title='bbox 903 440 999 492; x_wconf 79' lang='lat' dir='ltr'>peran-</span> 
     </span>
     <span class='ocr_line' id='line_1_6' title="bbox 146 501 999 569; baseline -0.002 -14"><span class='ocrx_word' id='word_1_34' title='bbox 146 505 227 568; x_wconf 88' lang='lat' dir='ltr'>gusto</span> <span class='ocrx_word' id='word_1_35' title='bbox 236 503 314 556; x_wconf 85' lang='lat' dir='ltr'>aditu</span> <span class='ocrx_word' id='word_1_36' title='bbox 323 501 434 566; x_wconf 89' lang='lat' dir='ltr'>relicto;</span> <span class='ocrx_word' id='word_1_37' title='bbox 451 518 514 554; x_wconf 89' lang='lat' dir='ltr'>nam</span> <span class='ocrx_word' id='word_1_38' title='bbox 527 501 616 554; x_wconf 89' lang='lat' dir='ltr'>omnis</span> <span class='ocrx_word' id='word_1_39' title='bbox 627 505 725 554; x_wconf 90' lang='lat' dir='ltr'>natura</span> <span class='ocrx_word' id='word_1_40' title='bbox 734 501 810 554; x_wconf 88' lang='lat' dir='ltr'>velut</span> <span class='ocrx_word' id='word_1_41' title='bbox 822 517 904 569; x_wconf 90' lang='lat' dir='ltr'>opere</span> <span class='ocrx_word' id='word_1_42' title='bbox 915 503 999 567; x_wconf 89' lang='lat' dir='ltr'>atque</span> 
     </span>
     <span class='ocr_line' id='line_1_7' title="bbox 148 575 1000 646; baseline -0.001 -16"><span class='ocrx_word' id='word_1_43' title='bbox 148 576 273 631; x_wconf 87' lang='lat' dir='ltr'>consulto</span> <span class='ocrx_word' id='word_1_44' title='bbox 286 593 425 646; x_wconf 89' lang='lat' dir='ltr'>praeceps.</span> <span class='ocrx_word' id='word_1_45' title='bbox 462 577 549 641; x_wconf 85' lang='lat' dir='ltr'><strong>Quem</strong></span> <span class='ocrx_word' id='word_1_46' title='bbox 563 577 651 629; x_wconf 90' lang='lat' dir='ltr'>locum</span> <span class='ocrx_word' id='word_1_47' title='bbox 666 576 778 644; x_wconf 82' lang='lat' dir='ltr'>Marius,</span> <span class='ocrx_word' id='word_1_48' title='bbox 790 577 863 646; x_wconf 90' lang='lat' dir='ltr'>quod</span> <span class='ocrx_word' id='word_1_49' title='bbox 875 575 914 628; x_wconf 94' lang='lat' dir='ltr'>ibi</span> <span class='ocrx_word' id='word_1_50' title='bbox 925 575 1000 643; x_wconf 88' lang='lat' dir='ltr'>regis</span> 
     </span>
     <span class='ocr_line' id='line_1_8' title="bbox 147 651 1000 721; baseline 0.001 -17"><span class='ocrx_word' id='word_1_51' title='bbox 147 651 270 706; x_wconf 73' lang='lat' dir='ltr'>thesauri</span> <span class='ocrx_word' id='word_1_52' title='bbox 289 656 376 719; x_wconf 87' lang='lat' dir='ltr'>erant,</span> <span class='ocrx_word' id='word_1_53' title='bbox 395 652 541 706; x_wconf 88' lang='grc'>1111111111</span> <span class='ocrx_word' id='word_1_54' title='bbox 555 669 653 721; x_wconf 82' lang='lat' dir='ltr'>capere</span> <span class='ocrx_word' id='word_1_55' title='bbox 670 652 796 706; x_wconf 81' lang='lat' dir='ltr'>intendit.</span> <span class='ocrx_word' id='word_1_56' title='bbox 832 652 886 706; x_wconf 82' lang='lat' dir='ltr'>Sed</span> <span class='ocrx_word' id='word_1_57' title='bbox 905 668 1000 705; x_wconf 85' lang='grc'>11111</span> 
     </span>
     <span class='ocr_line' id='line_1_9' title="bbox 148 727 999 797; baseline 0.004 -18"><span class='ocrx_word' id='word_1_58' title='bbox 148 727 220 781; x_wconf 86' lang='lat' dir='ltr'>forte</span> <span class='ocrx_word' id='word_1_59' title='bbox 232 745 315 797; x_wconf 90' lang='lat' dir='ltr'>quam</span> <span class='ocrx_word' id='word_1_60' title='bbox 326 728 438 782; x_wconf 88' lang='lat' dir='ltr'>consilio</span> <span class='ocrx_word' id='word_1_61' title='bbox 450 729 546 781; x_wconf 90' lang='lat' dir='ltr'>melius</span> <span class='ocrx_word' id='word_1_62' title='bbox 557 732 643 796; x_wconf 87' lang='lat' dir='ltr'>gesta.</span> <span class='ocrx_word' id='word_1_63' title='bbox 680 728 751 781; x_wconf 87' lang='lat' dir='ltr'>Nam</span> <span class='ocrx_word' id='word_1_64' title='bbox 761 728 872 782; x_wconf 88' lang='lat' dir='ltr'>castello</span> <span class='ocrx_word' id='word_1_65' title='bbox 881 728 999 782; x_wconf 87' lang='lat' dir='ltr'>virorum</span> 
     </span>
     <span class='ocr_line' id='line_1_10' title="bbox 149 804 998 872; baseline 0.005 -18"><span class='ocrx_word' id='word_1_66' title='bbox 149 806 232 871; x_wconf 81' lang='lat' dir='ltr'>atque</span> <span class='ocrx_word' id='word_1_67' title='bbox 243 820 381 857; x_wconf 89' lang='lat' dir='ltr'>armorum</span> <span class='ocrx_word' id='word_1_68' title='bbox 393 804 468 872; x_wconf 87' lang='lat' dir='ltr'>satis,</span> <span class='ocrx_word' id='word_1_69' title='bbox 484 820 584 871; x_wconf 87' lang='lat' dir='ltr'>magna</span> <span class='ocrx_word' id='word_1_70' title='bbox 594 804 636 858; x_wconf 85' lang='lat' dir='ltr'>vis</span> <span class='ocrx_word' id='word_1_71' title='bbox 650 804 780 857; x_wconf 82' lang='lat' dir='ltr'>frumenti</span> <span class='ocrx_word' id='word_1_72' title='bbox 792 808 821 858; x_wconf 91' lang='lat' dir='ltr'>et</span> <span class='ocrx_word' id='word_1_73' title='bbox 832 804 891 857; x_wconf 86' lang='lat' dir='ltr'>fons</span> <span class='ocrx_word' id='word_1_74' title='bbox 904 820 998 872; x_wconf 86' lang='lat' dir='ltr'>aquae,</span> 
     </span>
     <span class='ocr_line' id='line_1_11' title="bbox 148 879 999 948; baseline 0.001 -16"><span class='ocrx_word' id='word_1_75' title='bbox 148 879 295 946; x_wconf 83' lang='lat' dir='ltr'>aggeribus</span> <span class='ocrx_word' id='word_1_76' title='bbox 307 879 483 948; x_wconf 83' lang='lat' dir='ltr'>turribusque</span> <span class='ocrx_word' id='word_1_77' title='bbox 495 883 524 934; x_wconf 91' lang='lat' dir='ltr'>et</span> <span class='ocrx_word' id='word_1_78' title='bbox 536 880 596 933; x_wconf 87' lang='lat' dir='ltr'>aliis</span> <span class='ocrx_word' id='word_1_79' title='bbox 606 880 851 933; x_wconf 83' lang='lat' dir='ltr'>machinationibus</span> <span class='ocrx_word' id='word_1_80' title='bbox 863 880 937 933; x_wconf 90' lang='lat' dir='ltr'>locus</span> <span class='ocrx_word' id='word_1_81' title='bbox 950 880 999 933; x_wconf 91' lang='lat' dir='ltr'>im-</span> 
     </span>
     <span class='ocr_line' id='line_1_12' title="bbox 148 955 997 1024; baseline 0 -16"><span class='ocrx_word' id='word_1_82' title='bbox 148 958 290 1023; x_wconf 84' lang='lat' dir='ltr'>portunus,</span> <span class='ocrx_word' id='word_1_83' title='bbox 299 956 354 1009; x_wconf 89' lang='lat' dir='ltr'>iter</span> <span class='ocrx_word' id='word_1_84' title='bbox 365 956 574 1010; x_wconf 86' lang='lat' dir='ltr'>castellanorum</span> <span class='ocrx_word' id='word_1_85' title='bbox 587 959 731 1024; x_wconf 88' lang='lat' dir='ltr'>angustum</span> <span class='ocrx_word' id='word_1_86' title='bbox 745 955 892 1009; x_wconf 86' lang='lat' dir='ltr'>admodum</span> <span class='ocrx_word' id='word_1_87' title='bbox 902 956 997 1009; x_wconf 89' lang='lat' dir='ltr'>utrim-</span> 
     </span>
     <span class='ocr_line' id='line_1_13' title="bbox 149 1031 999 1100; baseline 0.004 -18"><span class='ocrx_word' id='word_1_88' title='bbox 149 1047 202 1098; x_wconf 89' lang='lat' dir='ltr'>que</span> <span class='ocrx_word' id='word_1_89' title='bbox 222 1032 380 1099; x_wconf 87' lang='lat' dir='ltr'>praeoisum.</span> <span class='ocrx_word' id='word_1_90' title='bbox 411 1032 521 1086; x_wconf 89' lang='lat' dir='ltr'>-Vineae</span> <span class='ocrx_word' id='word_1_91' title='bbox 541 1048 604 1084; x_wconf 89' lang='lat' dir='ltr'>eum</span> <span class='ocrx_word' id='word_1_92' title='bbox 627 1031 733 1100; x_wconf 86' lang='lat' dir='ltr'>ingenti</span> <span class='ocrx_word' id='word_1_93' title='bbox 756 1031 877 1100; x_wconf 88' lang='lat' dir='ltr'>periculo</span> <span class='ocrx_word' id='word_1_94' title='bbox 897 1031 999 1085; x_wconf 80' lang='lat' dir='ltr'>frustra</span> 
     </span>
     <span class='ocr_line' id='line_1_14' title="bbox 148 1105 999 1176; baseline 0.002 -18"><span class='ocrx_word' id='word_1_95' title='bbox 148 1105 316 1174; x_wconf 83' lang='lat' dir='ltr'>agebantur3</span> <span class='ocrx_word' id='word_1_96' title='bbox 334 1124 397 1160; x_wconf 88' lang='lat' dir='ltr'>nam</span> <span class='ocrx_word' id='word_1_97' title='bbox 413 1124 497 1176; x_wconf 90' lang='lat' dir='ltr'>quum</span> <span class='ocrx_word' id='word_1_98' title='bbox 512 1124 562 1161; x_wconf 88' lang='lat' dir='ltr'>eac</span> <span class='ocrx_word' id='word_1_99' title='bbox 578 1106 659 1176; x_wconf 90' lang='lat' dir='ltr'>paulo</span> <span class='ocrx_word' id='word_1_100' title='bbox 673 1110 867 1175; x_wconf 88' lang='lat' dir='ltr'>processerant,</span> <span class='ocrx_word' id='word_1_101' title='bbox 880 1107 936 1174; x_wconf 88' lang='lat' dir='ltr'>igni</span> <span class='ocrx_word' id='word_1_102' title='bbox 950 1109 999 1160; x_wconf 90' lang='lat' dir='ltr'>aut</span> 
     </span>
     <span class='ocr_line' id='line_1_15' title="bbox 149 1180 998 1253; baseline 0.001 -20"><span class='ocrx_word' id='word_1_103' title='bbox 149 1180 285 1251; x_wconf 81' lang='lat' dir='ltr'>lapidibus</span> <span class='ocrx_word' id='word_1_104' title='bbox 304 1183 565 1253; x_wconf 87' lang='lat' dir='ltr'>corrumpebantur;</span> <span class='ocrx_word' id='word_1_105' title='bbox 594 1183 696 1236; x_wconf 89' lang='lat' dir='ltr'>milites</span> <span class='ocrx_word' id='word_1_106' title='bbox 719 1198 808 1251; x_wconf 88' lang='lat' dir='ltr'>neque</span> <span class='ocrx_word' id='word_1_107' title='bbox 836 1198 886 1251; x_wconf 93' lang='lat' dir='ltr'>pro</span> <span class='ocrx_word' id='word_1_108' title='bbox 916 1198 998 1251; x_wconf 86' lang='lat' dir='ltr'>opere</span> 
     </span>
     <span class='ocr_line' id='line_1_16' title="bbox 149 1258 998 1328; baseline 0.001 -18"><span class='ocrx_word' id='word_1_109' title='bbox 149 1259 298 1312; x_wconf 85' lang='lat' dir='ltr'>consistere</span> <span class='ocrx_word' id='word_1_110' title='bbox 316 1262 430 1328; x_wconf 91' lang='lat' dir='ltr'>propter</span> <span class='ocrx_word' id='word_1_111' title='bbox 447 1259 622 1327; x_wconf 88' lang='lat' dir='ltr'>iniquitatem</span> <span class='ocrx_word' id='word_1_112' title='bbox 637 1259 697 1327; x_wconf 90' lang='lat' dir='ltr'>loci,</span> <span class='ocrx_word' id='word_1_113' title='bbox 712 1274 801 1326; x_wconf 90' lang='lat' dir='ltr'>neque</span> <span class='ocrx_word' id='word_1_114' title='bbox 817 1258 890 1311; x_wconf 89' lang='lat' dir='ltr'>inter</span> <span class='ocrx_word' id='word_1_115' title='bbox 905 1258 998 1311; x_wconf 86' lang='lat' dir='ltr'>vineas</span> 
     </span>
     <span class='ocr_line' id='line_1_17' title="bbox 150 1332 998 1402; baseline 0.002 -17"><span class='ocrx_word' id='word_1_116' title='bbox 150 1332 208 1387; x_wconf 88' lang='lat' dir='ltr'>sine</span> <span class='ocrx_word' id='word_1_117' title='bbox 232 1334 353 1401; x_wconf 89' lang='lat' dir='ltr'>periculo</span> <span class='ocrx_word' id='word_1_118' title='bbox 374 1334 566 1388; x_wconf 86' lang='lat' dir='ltr'>administrare</span> <span class='ocrx_word' id='word_1_119' title='bbox 575 1334 585 1400; x_wconf 78' lang='grc'>;’</span> <span class='ocrx_word' id='word_1_120' title='bbox 608 1339 737 1402; x_wconf 84' lang='lat' dir='ltr'>optumus</span> <span class='ocrx_word' id='word_1_121' title='bbox 760 1334 876 1402; x_wconf 90' lang='lat' dir='ltr'>quisque</span> <span class='ocrx_word' id='word_1_122' title='bbox 900 1333 998 1387; x_wconf 88' lang='lat' dir='ltr'>cadere</span> 
     </span>
     <span class='ocr_line' id='line_1_18' title="bbox 149 1410 658 1478; baseline 0.008 -18"><span class='ocrx_word' id='word_1_123' title='bbox 149 1412 198 1462; x_wconf 90' lang='lat' dir='ltr'>aut</span> <span class='ocrx_word' id='word_1_124' title='bbox 209 1410 331 1474; x_wconf 88' lang='lat' dir='ltr'>sauciari,</span> <span class='ocrx_word' id='word_1_125' title='bbox 344 1411 442 1463; x_wconf 87' lang='lat' dir='ltr'>ceteris</span> <span class='ocrx_word' id='word_1_126' title='bbox 454 1414 544 1464; x_wconf 88' lang='lat' dir='ltr'>metus</span> <span class='ocrx_word' id='word_1_127' title='bbox 557 1411 658 1478; x_wconf 89' lang='lat' dir='ltr'>augeri.</span> 
     </span>
    </p>

    <p class='ocr_par' dir='ltr' id='par_1_3' title="bbox 144 1484 1001 3219">
     <span class='ocr_line' id='line_1_19' title="bbox 202 1484 998 1554; baseline 0.001 -16"><span class='ocrx_word' id='word_1_128' title='bbox 202 1491 242 1539; x_wconf 81' lang='grc'>93.</span> <span class='ocrx_word' id='word_1_129' title='bbox 279 1487 320 1538; x_wconf 89' lang='lat' dir='ltr'>At</span> <span class='ocrx_word' id='word_1_130' title='bbox 332 1486 436 1538; x_wconf 86' lang='lat' dir='ltr'>Marius</span> <span class='ocrx_word' id='word_1_131' title='bbox 449 1486 543 1539; x_wconf 87' lang='lat' dir='ltr'>multia</span> <span class='ocrx_word' id='word_1_132' title='bbox 555 1486 653 1539; x_wconf 89' lang='lat' dir='ltr'>diebus</span> <span class='ocrx_word' id='word_1_133' title='bbox 665 1489 694 1539; x_wconf 90' lang='lat' dir='ltr'>et</span> <span class='ocrx_word' id='word_1_134' title='bbox 706 1484 844 1538; x_wconf 82' lang='lat' dir='ltr'>laboribus</span> <span class='ocrx_word' id='word_1_135' title='bbox 856 1501 998 1554; x_wconf 80' lang='lat' dir='ltr'>consump</span> 
     </span>
     <span class='ocr_line' id='line_1_20' title="bbox 149 1559 998 1631; baseline 0.002 -18"><span class='ocrx_word' id='word_1_136' title='bbox 149 1559 186 1613; x_wconf 86' lang='lat' dir='ltr'>tis</span> <span class='ocrx_word' id='word_1_137' title='bbox 202 1561 297 1614; x_wconf 89' lang='grc'>111111</span> <span class='ocrx_word' id='word_1_138' title='bbox 314 1560 425 1614; x_wconf 87' lang='lat' dir='ltr'>trahere</span> <span class='ocrx_word' id='word_1_139' title='bbox 440 1577 502 1614; x_wconf 89' lang='lat' dir='ltr'>cum</span> <span class='ocrx_word' id='word_1_140' title='bbox 517 1561 608 1615; x_wconf 89' lang='lat' dir='ltr'>animo</span> <span class='ocrx_word' id='word_1_141' title='bbox 624 1560 703 1630; x_wconf 87' lang='lat' dir='ltr'>[suo],</span> <span class='ocrx_word' id='word_1_142' title='bbox 719 1560 895 1615; x_wconf 86' lang='lat' dir='ltr'>omitteretne</span> <span class='ocrx_word' id='word_1_143' title='bbox 907 1562 998 1631; x_wconf 90' lang='lat' dir='ltr'>incep-</span> 
     </span>
     <span class='ocr_line' id='line_1_21' title="bbox 149 1637 999 1706; baseline 0.001 -16"><span class='ocrx_word' id='word_1_144' title='bbox 149 1638 215 1701; x_wconf 88' lang='lat' dir='ltr'>tum,</span> <span class='ocrx_word' id='word_1_145' title='bbox 228 1637 354 1704; x_wconf 89' lang='lat' dir='ltr'>quoniam</span> <span class='ocrx_word' id='word_1_146' title='bbox 366 1637 470 1691; x_wconf 87' lang='lat' dir='ltr'>hustra</span> <span class='ocrx_word' id='word_1_147' title='bbox 481 1639 549 1704; x_wconf 90' lang='lat' dir='ltr'>erat,</span> <span class='ocrx_word' id='word_1_148' title='bbox 556 1654 592 1691; x_wconf 89' lang='lat' dir='ltr'>an</span> <span class='ocrx_word' id='word_1_149' title='bbox 603 1638 740 1691; x_wconf 87' lang='lat' dir='ltr'>fortunam</span> <span class='ocrx_word' id='word_1_150' title='bbox 752 1637 934 1706; x_wconf 86' lang='lat' dir='ltr'>opperiretur,</span> <span class='ocrx_word' id='word_1_151' title='bbox 944 1654 999 1705; x_wconf 90' lang='lat' dir='ltr'>qua</span> 
     </span>
     <span class='ocr_line' id='line_1_22' title="bbox 149 1713 999 1784; baseline 0.004 -19"><span class='ocrx_word' id='word_1_152' title='bbox 149 1729 232 1782; x_wconf 84' lang='lat' dir='ltr'>saepe</span> <span class='ocrx_word' id='word_1_153' title='bbox 243 1730 375 1784; x_wconf 88' lang='lat' dir='ltr'>prospere</span> <span class='ocrx_word' id='word_1_154' title='bbox 389 1731 455 1767; x_wconf 88' lang='lat' dir='ltr'>usus</span> <span class='ocrx_word' id='word_1_155' title='bbox 470 1713 592 1783; x_wconf 70' lang='lat' dir='ltr'>[fuerat]¹</span> <span class='ocrx_word' id='word_1_156' title='bbox 630 1714 706 1778; x_wconf 84' lang='lat' dir='ltr'>Quae</span> <span class='ocrx_word' id='word_1_157' title='bbox 722 1730 806 1783; x_wconf 90' lang='lat' dir='ltr'>quum</span> <span class='ocrx_word' id='word_1_158' title='bbox 822 1714 923 1767; x_wconf 88' lang='lat' dir='ltr'>multos</span> <span class='ocrx_word' id='word_1_159' title='bbox 939 1714 999 1768; x_wconf 87' lang='lat' dir='ltr'>dies</span> 
     </span>
     <span class='ocr_line' id='line_1_23' title="bbox 148 1789 999 1858; baseline 0.001 -17"><span class='ocrx_word' id='word_1_160' title='bbox 148 1789 290 1857; x_wconf 86' lang='lat' dir='ltr'>noctisque</span> <span class='ocrx_word' id='word_1_161' title='bbox 307 1793 434 1843; x_wconf 87' lang='lat' dir='ltr'>aestuans</span> <span class='ocrx_word' id='word_1_162' title='bbox 450 1790 576 1858; x_wconf 86' lang='lat' dir='ltr'>agitaret,</span> <span class='ocrx_word' id='word_1_163' title='bbox 592 1790 664 1843; x_wconf 85' lang='lat' dir='ltr'>forte</span> <span class='ocrx_word' id='word_1_164' title='bbox 680 1789 791 1858; x_wconf 86' lang='lat' dir='ltr'>quidam</span> <span class='ocrx_word' id='word_1_165' title='bbox 808 1789 892 1857; x_wconf 86' lang='lat' dir='ltr'>Ligus</span> <span class='ocrx_word' id='word_1_166' title='bbox 905 1806 938 1842; x_wconf 97' lang='grc'>11</span> <span class='ocrx_word' id='word_1_167' title='bbox 955 1806 999 1842; x_wconf 88' lang='lat' dir='ltr'>co·</span> 
     </span>
     <span class='ocr_line' id='line_1_24' title="bbox 149 1863 999 1946; baseline 0.002 -30"><span class='ocrx_word' id='word_1_168' title='bbox 149 1863 274 1919; x_wconf 89' lang='lat' dir='ltr'>hortibus</span> <span class='ocrx_word' id='word_1_169' title='bbox 297 1865 446 1918; x_wconf 87' lang='lat' dir='ltr'>auxiliariis</span> <span class='ocrx_word' id='word_1_170' title='bbox 469 1865 547 1918; x_wconf 89' lang='lat' dir='ltr'>miles</span> <span class='ocrx_word' id='word_1_171' title='bbox 570 1866 720 1933; x_wconf 85' lang='lat' dir='ltr'>gregarius,</span> <span class='ocrx_word' id='word_1_172' title='bbox 744 1865 842 1918; x_wconf 87' lang='lat' dir='ltr'>castris</span> <span class='ocrx_word' id='word_1_173' title='bbox 868 1868 999 1946; x_wconf 73' lang='lat' dir='ltr'>aquatum</span> 
     </span>
     <span class='ocr_line' id='line_1_25' title="bbox 149 1940 999 2009; baseline 0.001 -16"><span class='ocrx_word' id='word_1_174' title='bbox 149 1957 283 2006; x_wconf 88' lang='lat' dir='ltr'>egressus,</span> <span class='ocrx_word' id='word_1_175' title='bbox 300 1940 375 1993; x_wconf 90' lang='lat' dir='ltr'>haud</span> <span class='ocrx_word' id='word_1_176' title='bbox 391 1941 484 2009; x_wconf 89' lang='lat' dir='ltr'>procul</span> <span class='ocrx_word' id='word_1_177' title='bbox 502 1941 537 1994; x_wconf 90' lang='lat' dir='ltr'>ab</span> <span class='ocrx_word' id='word_1_178' title='bbox 552 1941 638 1994; x_wconf 91' lang='lat' dir='ltr'>latere</span> <span class='ocrx_word' id='word_1_179' title='bbox 655 1940 768 2006; x_wconf 87' lang='lat' dir='ltr'>castelli,</span> <span class='ocrx_word' id='word_1_180' title='bbox 784 1940 857 2008; x_wconf 90' lang='lat' dir='ltr'>quod</span> <span class='ocrx_word' id='word_1_181' title='bbox 873 1956 999 1994; x_wconf 88' lang='lat' dir='ltr'>avorsum</span> 
     </span>
     <span class='ocr_line' id='line_1_26' title="bbox 148 2015 999 2085; baseline 0.001 -17"><span class='ocrx_word' id='word_1_182' title='bbox 148 2016 346 2083; x_wconf 85' lang='lat' dir='ltr'>proeliantibus</span> <span class='ocrx_word' id='word_1_183' title='bbox 361 2020 430 2085; x_wconf 88' lang='lat' dir='ltr'>erat,</span> <span class='ocrx_word' id='word_1_184' title='bbox 445 2016 565 2069; x_wconf 89' lang='lat' dir='ltr'>animum</span> <span class='ocrx_word' id='word_1_185' title='bbox 581 2015 703 2070; x_wconf 84' lang='lat' dir='ltr'>advortit</span> <span class='ocrx_word' id='word_1_186' title='bbox 716 2016 789 2069; x_wconf 89' lang='lat' dir='ltr'>inter</span> <span class='ocrx_word' id='word_1_187' title='bbox 801 2032 867 2068; x_wconf 88' lang='lat' dir='ltr'>saxa</span> <span class='ocrx_word' id='word_1_188' title='bbox 877 2016 999 2082; x_wconf 83' lang='lat' dir='ltr'>repentis</span> 
     </span>
     <span class='ocr_line' id='line_1_27' title="bbox 149 2091 999 2160; baseline 0 -16"><span class='ocrx_word' id='word_1_189' title='bbox 149 2091 285 2156; x_wconf 82' lang='lat' dir='ltr'>cochleas3</span> <span class='ocrx_word' id='word_1_190' title='bbox 303 2109 418 2160; x_wconf 87' lang='lat' dir='ltr'>quarum</span> <span class='ocrx_word' id='word_1_191' title='bbox 435 2109 519 2160; x_wconf 91' lang='lat' dir='ltr'>quum</span> <span class='ocrx_word' id='word_1_192' title='bbox 536 2108 618 2145; x_wconf 91' lang='lat' dir='ltr'>unam</span> <span class='ocrx_word' id='word_1_193' title='bbox 633 2096 717 2159; x_wconf 89' lang='lat' dir='ltr'>atque</span> <span class='ocrx_word' id='word_1_194' title='bbox 729 2091 852 2156; x_wconf 83' lang='lat' dir='ltr'>alteram,</span> <span class='ocrx_word' id='word_1_195' title='bbox 864 2091 928 2144; x_wconf 89' lang='lat' dir='ltr'>dein</span> <span class='ocrx_word' id='word_1_196' title='bbox 940 2091 999 2159; x_wconf 91' lang='lat' dir='ltr'>plu-</span> 
     </span>
     <span class='ocr_line' id='line_1_28' title="bbox 149 2167 999 2236; baseline 0.002 -17"><span class='ocrx_word' id='word_1_197' title='bbox 149 2183 193 2220; x_wconf 89' lang='lat' dir='ltr'>res</span> <span class='ocrx_word' id='word_1_198' title='bbox 204 2170 322 2236; x_wconf 87' lang='lat' dir='ltr'>peteret,</span> <span class='ocrx_word' id='word_1_199' title='bbox 336 2167 427 2221; x_wconf 87' lang='lat' dir='ltr'>studio</span> <span class='ocrx_word' id='word_1_200' title='bbox 439 2167 551 2235; x_wconf 90' lang='lat' dir='ltr'>legundi</span> <span class='ocrx_word' id='word_1_201' title='bbox 567 2168 699 2236; x_wconf 88' lang='lat' dir='ltr'>paulatim</span> <span class='ocrx_word' id='word_1_202' title='bbox 710 2183 795 2235; x_wconf 89' lang='lat' dir='ltr'>prope</span> <span class='ocrx_word' id='word_1_203' title='bbox 812 2167 848 2219; x_wconf 86' lang='lat' dir='ltr'>ad</span> <span class='ocrx_word' id='word_1_204' title='bbox 864 2183 999 2222; x_wconf 87' lang='lat' dir='ltr'>summum</span> 
     </span>
     <span class='ocr_line' id='line_1_29' title="bbox 149 2243 1000 2312; baseline 0.002 -17"><span class='ocrx_word' id='word_1_205' title='bbox 149 2243 249 2296; x_wconf 91' lang='lat' dir='ltr'>montis</span> <span class='ocrx_word' id='word_1_206' title='bbox 268 2248 399 2309; x_wconf 84' lang='lat' dir='ltr'>egressus</span> <span class='ocrx_word' id='word_1_207' title='bbox 414 2247 464 2297; x_wconf 90' lang='lat' dir='ltr'>est.</span> <span class='ocrx_word' id='word_1_208' title='bbox 501 2243 556 2297; x_wconf 90' lang='lat' dir='ltr'>Ubi</span> <span class='ocrx_word' id='word_1_209' title='bbox 575 2246 719 2312; x_wconf 88' lang='lat' dir='ltr'>postquam</span> <span class='ocrx_word' id='word_1_210' title='bbox 736 2243 909 2296; x_wconf 88' lang='lat' dir='ltr'>solitudinem</span> <span class='ocrx_word' id='word_1_211' title='bbox 921 2243 1000 2297; x_wconf 88' lang='lat' dir='ltr'>intel-</span> 
     </span>
     <span class='ocr_line' id='line_1_30' title="bbox 149 2318 999 2387; baseline 0.002 -17"><span class='ocrx_word' id='word_1_212' title='bbox 149 2318 224 2383; x_wconf 83' lang='lat' dir='ltr'>lexit,</span> <span class='ocrx_word' id='word_1_213' title='bbox 236 2334 312 2371; x_wconf 91' lang='lat' dir='ltr'>more</span> <span class='ocrx_word' id='word_1_214' title='bbox 324 2319 435 2372; x_wconf 86' lang='lat' dir='ltr'>humani</span> <span class='ocrx_word' id='word_1_215' title='bbox 450 2319 541 2387; x_wconf 89' lang='lat' dir='ltr'>ingeni</span> <span class='ocrx_word' id='word_1_216' title='bbox 557 2319 657 2387; x_wconf 87' lang='lat' dir='ltr'>cupido</span> <span class='ocrx_word' id='word_1_217' title='bbox 673 2318 792 2372; x_wconf 87' lang='lat' dir='ltr'>difficilia</span> <span class='ocrx_word' id='word_1_218' title='bbox 807 2319 927 2372; x_wconf 91' lang='lat' dir='ltr'>faciundi</span> <span class='ocrx_word' id='word_1_219' title='bbox 944 2320 999 2372; x_wconf 87' lang='lat' dir='ltr'>ani·</span> 
     </span>
     <span class='ocr_line' id='line_1_31' title="bbox 149 2393 1000 2463; baseline 0.004 -18"><span class='ocrx_word' id='word_1_220' title='bbox 149 2408 224 2445; x_wconf 89' lang='lat' dir='ltr'>mum</span> <span class='ocrx_word' id='word_1_221' title='bbox 235 2393 328 2447; x_wconf 84' lang='lat' dir='ltr'>vortit.</span> <span class='ocrx_word' id='word_1_222' title='bbox 363 2394 400 2448; x_wconf 90' lang='lat' dir='ltr'>Et</span> <span class='ocrx_word' id='word_1_223' title='bbox 416 2395 488 2447; x_wconf 83' lang='lat' dir='ltr'>forte</span> <span class='ocrx_word' id='word_1_224' title='bbox 503 2395 531 2446; x_wconf 93' lang='lat' dir='ltr'>in</span> <span class='ocrx_word' id='word_1_225' title='bbox 548 2411 581 2448; x_wconf 95' lang='lat' dir='ltr'>eo</span> <span class='ocrx_word' id='word_1_226' title='bbox 597 2394 656 2448; x_wconf 89' lang='lat' dir='ltr'>loeo</span> <span class='ocrx_word' id='word_1_227' title='bbox 672 2394 784 2463; x_wconf 84' lang='lat' dir='ltr'>grandis</span> <span class='ocrx_word' id='word_1_228' title='bbox 795 2395 849 2448; x_wconf 87' lang='lat' dir='ltr'>ilex</span> <span class='ocrx_word' id='word_1_229' title='bbox 862 2396 1000 2448; x_wconf 90' lang='lat' dir='ltr'>coaluerat</span> 
     </span>
     <span class='ocr_line' id='line_1_32' title="bbox 149 2468 1000 2540; baseline 0.004 -19"><span class='ocrx_word' id='word_1_230' title='bbox 149 2468 223 2522; x_wconf 88' lang='lat' dir='ltr'>inter</span> <span class='ocrx_word' id='word_1_231' title='bbox 237 2485 309 2535; x_wconf 86' lang='grc'>1111,</span> <span class='ocrx_word' id='word_1_232' title='bbox 325 2469 435 2538; x_wconf 91' lang='lat' dir='ltr'>paulurn</span> <span class='ocrx_word' id='word_1_233' title='bbox 452 2469 533 2522; x_wconf 89' lang='lat' dir='ltr'>modo</span> <span class='ocrx_word' id='word_1_234' title='bbox 549 2486 642 2538; x_wconf 86' lang='lat' dir='ltr'>prona,</span> <span class='ocrx_word' id='word_1_235' title='bbox 655 2470 719 2525; x_wconf 91' lang='lat' dir='ltr'>dein</span> <span class='ocrx_word' id='word_1_236' title='bbox 735 2470 806 2525; x_wconf 86' lang='lat' dir='ltr'>flexa</span> <span class='ocrx_word' id='word_1_237' title='bbox 821 2475 907 2540; x_wconf 90' lang='lat' dir='ltr'>atque</span> <span class='ocrx_word' id='word_1_238' title='bbox 920 2474 1000 2524; x_wconf 88' lang='lat' dir='ltr'>aucta</span> 
     </span>
     <span class='ocr_line' id='line_1_33' title="bbox 148 2543 1000 2614; baseline 0.002 -18"><span class='ocrx_word' id='word_1_239' title='bbox 148 2543 177 2597; x_wconf 90' lang='lat' dir='ltr'>in</span> <span class='ocrx_word' id='word_1_240' title='bbox 189 2544 438 2613; x_wconf 75' lang='lat' dir='ltr'>altitudinemque</span> <span class='ocrx_word' id='word_1_241' title='bbox 453 2548 551 2599; x_wconf 86' lang='lat' dir='ltr'>cuncta</span> <span class='ocrx_word' id='word_1_242' title='bbox 565 2547 736 2614; x_wconf 87' lang='lat' dir='ltr'>gignentium</span> <span class='ocrx_word' id='word_1_243' title='bbox 752 2550 851 2600; x_wconf 89' lang='lat' dir='ltr'>natura</span> <span class='ocrx_word' id='word_1_244' title='bbox 866 2547 936 2610; x_wconf 82' lang='lat' dir='ltr'>fcrt3</span> <span class='ocrx_word' id='word_1_245' title='bbox 954 2562 1000 2599; x_wconf 91' lang='lat' dir='ltr'>cu-</span> 
     </span>
     <span class='ocr_line' id='line_1_34' title="bbox 144 2617 1000 2687; baseline 0.002 -16"><span class='ocrx_word' id='word_1_246' title='bbox 144 2617 193 2686; x_wconf 88' lang='lat' dir='ltr'>jos</span> <span class='ocrx_word' id='word_1_247' title='bbox 214 2619 298 2673; x_wconf 88' lang='lat' dir='ltr'>ramis</span> <span class='ocrx_word' id='word_1_248' title='bbox 316 2620 405 2687; x_wconf 89' lang='lat' dir='ltr'>modo,</span> <span class='ocrx_word' id='word_1_249' title='bbox 423 2621 505 2674; x_wconf 92' lang='lat' dir='ltr'>modo</span> <span class='ocrx_word' id='word_1_250' title='bbox 525 2621 709 2675; x_wconf 88' lang='lat' dir='ltr'>eminentibus</span> <span class='ocrx_word' id='word_1_251' title='bbox 728 2623 801 2676; x_wconf 84' lang='lat' dir='ltr'>saxis</span> <span class='ocrx_word' id='word_1_252' title='bbox 821 2623 897 2675; x_wconf 88' lang='lat' dir='ltr'>nisus</span> <span class='ocrx_word' id='word_1_253' title='bbox 916 2621 1000 2687; x_wconf 88' lang='lat' dir='ltr'>Ligus</span> 
     </span>
     <span class='ocr_line' id='line_1_35' title="bbox 148 2694 1000 2765; baseline 0.001 -18"><span class='ocrx_word' id='word_1_254' title='bbox 148 2694 254 2748; x_wconf 81' lang='lat' dir='ltr'>castelli</span> <span class='ocrx_word' id='word_1_255' title='bbox 273 2695 415 2764; x_wconf 88' lang='lat' dir='ltr'>planitiem</span> <span class='ocrx_word' id='word_1_256' title='bbox 433 2696 587 2765; x_wconf 86' lang='lat' dir='ltr'>perscribit,</span> <span class='ocrx_word' id='word_1_257' title='bbox 607 2697 682 2765; x_wconf 91' lang='lat' dir='ltr'>quod</span> <span class='ocrx_word' id='word_1_258' title='bbox 700 2697 792 2751; x_wconf 84' lang='lat' dir='ltr'>cuncti</span> <span class='ocrx_word' id='word_1_259' title='bbox 809 2696 946 2750; x_wconf 89' lang='lat' dir='ltr'>Numidae</span> <span class='ocrx_word' id='word_1_260' title='bbox 961 2697 1000 2749; x_wconf 92' lang='lat' dir='ltr'>in-</span> 
     </span>
     <span class='ocr_line' id='line_1_36' title="bbox 149 2769 1000 2840; baseline 0.001 -17"><span class='ocrx_word' id='word_1_261' title='bbox 149 2770 220 2823; x_wconf 85' lang='lat' dir='ltr'>tenti</span> <span class='ocrx_word' id='word_1_262' title='bbox 238 2770 435 2839; x_wconf 88' lang='lat' dir='ltr'>proeliantibus</span> <span class='ocrx_word' id='word_1_263' title='bbox 453 2773 576 2826; x_wconf 87' lang='lat' dir='ltr'>aderant.</span> <span class='ocrx_word' id='word_1_264' title='bbox 612 2772 768 2840; x_wconf 80' lang='lat' dir='ltr'>Exploratis</span> <span class='ocrx_word' id='word_1_265' title='bbox 786 2769 912 2825; x_wconf 89' lang='lat' dir='ltr'>omnibus</span> <span class='ocrx_word' id='word_1_266' title='bbox 929 2786 1000 2839; x_wconf 87' lang='lat' dir='ltr'>quae</span> 
     </span>
     <span class='ocr_line' id='line_1_37' title="bbox 149 2847 1001 2915; baseline 0.005 -18"><span class='ocrx_word' id='word_1_267' title='bbox 149 2859 213 2898; x_wconf 81' lang='lat' dir='ltr'>mox</span> <span class='ocrx_word' id='word_1_268' title='bbox 224 2847 285 2899; x_wconf 87' lang='lat' dir='ltr'>usui</span> <span class='ocrx_word' id='word_1_269' title='bbox 298 2847 357 2900; x_wconf 81' lang='lat' dir='ltr'>fore</span> <span class='ocrx_word' id='word_1_270' title='bbox 366 2847 491 2915; x_wconf 77' lang='lat' dir='ltr'>ducebat,</span> <span class='ocrx_word' id='word_1_271' title='bbox 500 2847 597 2901; x_wconf 90' lang='lat' dir='ltr'>eadem</span> <span class='ocrx_word' id='word_1_272' title='bbox 609 2848 773 2915; x_wconf 86' lang='lat' dir='ltr'>regreditur,</span> <span class='ocrx_word' id='word_1_273' title='bbox 782 2863 836 2900; x_wconf 91' lang='lat' dir='ltr'>non</span> <span class='ocrx_word' id='word_1_274' title='bbox 848 2851 961 2913; x_wconf 88' lang='lat' dir='ltr'>temere,</span> <span class='ocrx_word' id='word_1_275' title='bbox 968 2850 1001 2901; x_wconf 92' lang='lat' dir='ltr'>ut</span> 
     </span>
     <span class='ocr_line' id='line_1_38' title="bbox 149 2920 1001 2991; baseline 0.002 -17"><span class='ocrx_word' id='word_1_276' title='bbox 149 2920 319 2990; x_wconf 87' lang='lat' dir='ltr'>escenderat,</span> <span class='ocrx_word' id='word_1_277' title='bbox 330 2922 380 2976; x_wconf 88' lang='lat' dir='ltr'>sed</span> <span class='ocrx_word' id='word_1_278' title='bbox 391 2926 530 2991; x_wconf 86' lang='lat' dir='ltr'>temptans</span> <span class='ocrx_word' id='word_1_279' title='bbox 541 2923 632 2977; x_wconf 90' lang='lat' dir='ltr'>omnia</span> <span class='ocrx_word' id='word_1_280' title='bbox 640 2926 670 2977; x_wconf 89' lang='lat' dir='ltr'>et</span> <span class='ocrx_word' id='word_1_281' title='bbox 682 2921 907 2990; x_wconf 85' lang='lat' dir='ltr'>circumspiciens.</span> <span class='ocrx_word' id='word_1_282' title='bbox 944 2923 1001 2976; x_wconf 81' lang='lat' dir='ltr'>Ita-</span> 
     </span>
     <span class='ocr_line' id='line_1_39' title="bbox 150 2996 1001 3067; baseline 0.002 -19"><span class='ocrx_word' id='word_1_283' title='bbox 150 3012 204 3062; x_wconf 81' lang='lat' dir='ltr'>que</span> <span class='ocrx_word' id='word_1_284' title='bbox 221 2996 340 3052; x_wconf 87' lang='lat' dir='ltr'>Marium</span> <span class='ocrx_word' id='word_1_285' title='bbox 356 3014 472 3067; x_wconf 86' lang='lat' dir='ltr'>propere</span> <span class='ocrx_word' id='word_1_286' title='bbox 488 2998 555 3066; x_wconf 89' lang='lat' dir='ltr'>adit,</span> <span class='ocrx_word' id='word_1_287' title='bbox 573 3002 635 3053; x_wconf 86' lang='lat' dir='ltr'>acta</span> <span class='ocrx_word' id='word_1_288' title='bbox 651 2998 756 3065; x_wconf 84' lang='lat' dir='ltr'>edocet,</span> <span class='ocrx_word' id='word_1_289' title='bbox 771 2996 898 3050; x_wconf 89' lang='lat' dir='ltr'>hortatur</span> <span class='ocrx_word' id='word_1_290' title='bbox 915 2996 951 3050; x_wconf 90' lang='lat' dir='ltr'>ab</span> <span class='ocrx_word' id='word_1_291' title='bbox 967 3014 1001 3050; x_wconf 91' lang='lat' dir='ltr'>ea</span> 
     </span>
     <span class='ocr_line' id='line_1_40' title="bbox 149 3072 1001 3142; baseline -0.001 -17"><span class='ocrx_word' id='word_1_292' title='bbox 149 3074 230 3139; x_wconf 87' lang='lat' dir='ltr'>parte</span> <span class='ocrx_word' id='word_1_293' title='bbox 245 3089 300 3139; x_wconf 86' lang='lat' dir='ltr'>qua</span> <span class='ocrx_word' id='word_1_294' title='bbox 320 3073 380 3142; x_wconf 90' lang='lat' dir='ltr'>ipse</span> <span class='ocrx_word' id='word_1_295' title='bbox 400 3074 562 3128; x_wconf 84' lang='lat' dir='ltr'>escenderat</span> <span class='ocrx_word' id='word_1_296' title='bbox 580 3074 723 3128; x_wconf 88' lang='lat' dir='ltr'>castellum</span> <span class='ocrx_word' id='word_1_297' title='bbox 741 3074 875 3139; x_wconf 88' lang='lat' dir='ltr'>temptet;</span> <span class='ocrx_word' id='word_1_298' title='bbox 892 3072 1001 3140; x_wconf 79' lang='lat' dir='ltr'>pollice-</span> 
     </span>
     <span class='ocr_line' id='line_1_41' title="bbox 149 3146 1000 3219; baseline 0 -19"><span class='ocrx_word' id='word_1_299' title='bbox 149 3150 197 3200; x_wconf 87' lang='lat' dir='ltr'>tur</span> <span class='ocrx_word' id='word_1_300' title='bbox 209 3163 268 3201; x_wconf 86' lang='lat' dir='ltr'>sese</span> <span class='ocrx_word' id='word_1_301' title='bbox 280 3149 387 3203; x_wconf 89' lang='lat' dir='ltr'>itineris</span> <span class='ocrx_word' id='word_1_302' title='bbox 398 3149 566 3219; x_wconf 89' lang='lat' dir='ltr'>periculique</span> <span class='ocrx_word' id='word_1_303' title='bbox 574 3148 679 3202; x_wconf 89' lang='lat' dir='ltr'>ducem.</span> <span class='ocrx_word' id='word_1_304' title='bbox 709 3146 814 3200; x_wconf 87' lang='lat' dir='ltr'>Marius</span> <span class='ocrx_word' id='word_1_305' title='bbox 825 3162 888 3200; x_wconf 89' lang='lat' dir='ltr'>cum</span> <span class='ocrx_word' id='word_1_306' title='bbox 899 3146 1000 3214; x_wconf 83' lang='lat' dir='ltr'>Ligure</span> 
     </span>
    </p>
   </div>
   <div class='ocr_carea' id='block_1_3' title="bbox 0 0 1146 3425">
    <p class='ocr_par' dir='ltr' id='par_1_4' title="bbox 0 0 1146 3425">
     <span class='ocr_line' id='line_1_42' title="bbox 0 0 1146 3425; baseline 0 0"><span class='ocrx_word' id='word_1_307' title='bbox 0 0 1146 3425; x_wconf 95' lang='lat' dir='ltr'> </span> 
     </span>
    </p>
   </div>
  </div>
 </body>
</html>
