2275 3425
152 122 201 170 100
399 117 427 166 C.
445 115 620 167 SALLUSTI
637 116 755 166 CRISPI

150 215 205 266 quo
220 198 294 252 locos
309 196 429 251 munitos
440 198 470 250 et
481 195 534 249 sibi
549 196 634 264 utilis,
650 195 730 249 simul
742 199 772 249 et
784 212 910 263 uraguuru
922 209 1006 265 pecu·

151 275 224 326 niam
234 272 371 339 amiserat,
380 272 416 326 ed
426 271 563 325 Bocchum
574 272 684 326 nuntios
694 271 782 325 mittit
790 288 872 339 quam
884 271 1006 339 primum

152 350 179 402 iu
193 348 352 402 Numidiam
368 349 458 415 copias
475 346 640 412 adduceret3
657 347 743 416 proeli
758 346 877 400 faciundi
893 352 1006 417 tempus

151 426 254 478 adesse.
299 424 386 489 Quem
409 423 455 475 ubi
479 423 601 477 cunctari
625 424 731 492 aceepit
749 426 778 477 et
799 422 913 477 dubium
936 419 1006 478 beili

151 505 235 569 atque
247 500 322 569 pacis
336 499 455 553 rationes
469 499 588 567 trahere,
605 516 702 553 rursus
711 504 744 552 ut
758 504 840 553 entes
855 515 1005 568 proxumos

151 575 211 644 ejus
224 575 302 629 donis
314 575 470 642 corrumpit,
477 574 585 643 ipsique
595 575 691 629 Mauro
703 575 847 643 pollicetur
856 576 1005 631 Numidiae

151 654 259 719 partem
274 651 394 719 tertiam,
408 652 432 702 si
446 658 496 703 eut
515 650 632 704 Romani
649 650 744 704 Africe
762 651 878 720 expulsi,
896 654 945 705 erut
961 652 1005 705 in-

151 728 237 794 tegris
249 727 306 781 suis
317 724 526 780 finibusbellum
535 727 715 801 compositum
723 727 802 781 foret.
817 738 819 741 “
832 727 872 780 Eo
881 728 1004 796 praemio

151 803 259 857 illectus
283 802 407 856 Bocchus
429 818 490 855 cum
513 819 612 870 magna
632 802 809 857 multitudine
832 802 1003 871 Jugurtham

151 879 265 932 aceedit.
300 879 346 932 Its
357 876 497 931 amborum
514 878 638 931 exercitu
652 877 796 946 conjuncto
810 878 929 932 Marium
941 879 1002 948 jsm

151 956 179 1006 in
191 954 304 1007 hiberna
318 953 533 1022 proficiscentem
546 955 592 1006 vix
608 953 724 1007 decuma
739 957 821 1026 parte
835 954 881 1007 die
895 954 1003 1022 reliqua

151 1030 292 1096 invadunt,
312 1030 499 1093 rutinoetem,
519 1029 664 1098 quaejam
680 1029 786 1098 adorat,
806 1031 835 1083 et
852 1030 930 1083 uictis
949 1030 1002 1084 sibi

152 1107 320 1159 munimento
334 1106 399 1173 fore,
412 1107 441 1159 et
453 1105 476 1158 si
488 1105 617 1158 vicissent
633 1105 706 1158 nullo
720 1104 924 1174 impedimento,
936 1105 1003 1174 quie

152 1183 273 1236 locorum
285 1182 402 1236 scientes
411 1185 496 1248 crant,
505 1185 599 1235 contre
610 1180 738 1234 Romanis
748 1184 895 1250 utrumque
907 1198 1001 1235 casum

152 1259 181 1311 in
204 1259 326 1313 tenebris
344 1257 522 1312 difficiliorem
542 1256 608 1310 fore.
645 1257 735 1325 Igitur
753 1258 833 1311 simul
851 1258 945 1311 consul
964 1275 1001 1312 ex

153 1335 246 1388 multis
269 1333 305 1387 de
327 1333 446 1388 hostium
476 1331 597 1386 adventu
619 1333 752 1401 coguovit,
778 1337 808 1387 et
831 1333 883 1403 ipsi
907 1334 1001 1409 hostes

151 1409 274 1474 aderant,
286 1413 315 1463 et
327 1409 483 1478 priusquam
498 1408 634 1461 exercitus
648 1412 697 1462 sut
709 1408 809 1463 instrui
820 1413 870 1463 sut
881 1411 1001 1464 sarcinas

151 1485 286 1553 colligere,
293 1484 411 1553 deniqne
422 1487 568 1550 antequam
581 1484 688 1551 siguum
699 1488 747 1538 sut
759 1485 902 1554 imperium
915 1485 1001 1540 ullum

151 1562 274 1631 accipere
294 1561 390 1629 quivit,
406 1559 513 1627 equites
531 1559 621 1612 Mauri
639 1560 853 1628 atque-Gaetuli
870 1578 925 1615 non
942 1563 1002 1616 scie

152 1655 240 1707 neque
251 1636 306 1690 ullo
317 1652 393 1689 more
405 1634 499 1703 proeli,
512 1633 560 1688 sed
575 1636 743 1704 catervatim,
756 1635 798 1689 uti
810 1653 933 1706 quosque
945 1638 1002 1691 fors

152 1714 369 1782 conglobaverat,
386 1710 415 1764 in
433 1714 540 1764 nostros
558 1710 708 1781 incurrunt,
724 1713 771 1781 qui
788 1730 882 1770 omnes
898 1716 1001 1784 trepidi

152 1790 298 1858 improviso
315 1792 399 1856 metu,
417 1804 449 1841 uc
466 1790 560 1841 tumen
571 1787 680 1841 virtutis
699 1805 840 1857 memores,
858 1794 908 1844 aut
925 1808 1002 1846 arma

152 1866 305 1934 capiebant,
322 1867 371 1918 sut
389 1863 521 1932 cupientis
539 1864 607 1916 elios
623 1863 658 1916 ub
673 1864 798 1919 hostibus
815 1866 1001 1935 defensabant,

155 1959 219 2012 pers
231 1958 315 2010 equos
326 1939 481 2006 escendere,
495 1938 602 1993 obviam
618 1939 659 1993 ire
670 1941 802 2009 hostibus,
814 1959 907 2011 pugna
919 1943 1002 1996 latro-

155 2019 225 2072 cinio
244 2018 331 2086 magis
346 2032 427 2085 quum
446 2015 549 2084 proelio
569 2015 666 2069 similis
681 2016 750 2086 fieri,
768 2018 827 2071 sine
839 2018 930 2086 signis,
943 2019 1002 2072 sine

154 2094 295 2148 ordinibus
312 2094 419 2161 equites
434 2091 543 2160 pedites
557 2092 701 2160 permixfi;
716 2092 832 2148 caedere
846 2093 920 2161 alios,
934 2094 1002 2148 ulios

153 2171 332 2232 obtruncare3
349 2167 449 2221 multos
458 2170 553 2219 contra
563 2167 692 2221 advorsos
704 2185 845 2223 acerrume
856 2171 1003 2239 pugnantis

154 2247 189 2300 ab
206 2251 284 2311 tergo
301 2242 509 2306 circumvenire3
527 2259 616 2310 neque
628 2243 716 2297 virtus
731 2261 821 2314 neque
839 2262 916 2299 arms
934 2246 1002 2301 satis

154 2328 257 2389 tegere,
272 2319 347 2388 quod
362 2317 456 2371 hostes
473 2333 587 2371 numero
601 2319 693 2386 plures
708 2324 737 2375 et
752 2322 874 2392 undique
887 2323 999 2377 circum·

154 2398 206 2452 fusi
225 2399 319 2461 erant3
347 2393 465 2461 denique
487 2393 602 2446 Romani
622 2399 731 2450 veteres
755 2396 894 2467 [novique]
918 2403 948 2453 et
966 2399 1002 2454 ob

153 2491 187 2528 ea
206 2471 324 2526 scientes
342 2468 416 2536 belli,
436 2469 459 2521 si
478 2485 546 2536 quos
564 2469 639 2524 locus
657 2476 799 2527 anteusus
815 2474 1001 2544 conjunxerat,

153 2548 228 2604 orbis
246 2548 343 2614 facere,
360 2548 444 2613 etque
456 2545 496 2598 iu
506 2544 541 2598 ab
553 2546 678 2601 omuibus
693 2549 819 2617 partibus
835 2550 915 2603 simul
934 2552 1001 2606 tecti

154 2631 184 2681 et
193 2623 321 2679 instructi
333 2621 452 2676 hostium
464 2621 519 2674 vim
531 2622 729 2679 sustentabunt.

205 2707 248 2756 98.
277 2699 375 2768 Neque
385 2697 414 2751 iu
425 2713 458 2750 eo
469 2700 527 2750 tum
539 2713 636 2765 aspero
648 2700 759 2767 negotio
770 2700 875 2754 Marius
887 2702 1002 2757 territus

153 2781 203 2832 eut
220 2775 307 2844 magis
328 2790 409 2842 quam
433 2776 514 2826 autea
537 2772 654 2826 demisso
677 2775 767 2828 animo
787 2777 849 2844 fuit,
867 2777 917 2830 sed
941 2795 1001 2832 cum

153 2857 246 2906 turma
264 2867 321 2919 sun,
343 2865 425 2918 quum
442 2864 477 2901 ex
496 2848 660 2902 fortissumis
682 2851 769 2919 magis
787 2869 869 2920 quum
888 2853 1002 2908 familis·
1030 2901 1035 2910 ,

153 2927 275 2980 rissumis
290 2928 442 2994 paraverat,
454 2923 546 2991 vagari
564 2925 663 2991 passim
675 2942 707 2979 ac
719 2927 800 2981 modo
815 2928 1002 2983 laborantibus

153 3002 209 3056 suis
229 3017 394 3068 succurrere,
412 2999 494 3052 modo
517 2999 611 3065 hostis,
634 2999 682 3053 ubi
702 3003 900 3058 confertissumi
919 3005 1003 3060 obsti·

153 3077 254 3141 terunt,
276 3075 420 3139 invadere3
445 3090 528 3127 manu
551 3074 690 3129 consulere
713 3077 854 3148 militibus,
875 3082 1002 3148 quoniam

152 3150 290 3216 imperare
308 3148 478 3203 conturbetis
500 3148 626 3202 omnibus
648 3166 702 3205 non
724 3156 842 3222 poteret.
884 3157 1003 3227 ‚Jamque
1050 3213 1053 3218 Δ
1115 3203 1116 3238 3
