2275 3425
483 104 690 155 JUGURTHA.
979 104 1008 150 81

161 187 223 255 quis
246 189 308 240 acta
325 185 521 255 consiliumque
539 184 728 254 ignorantibus
748 183 883 238 tumultus
903 182 962 251 ipse
982 184 1012 236 et

161 279 208 316 res
218 278 305 316 novae
317 262 384 316 satis
395 262 548 331 placebant.

214 342 255 396 67.
292 339 406 392 Romani
418 340 527 407 milites,
538 338 685 408 improviso
697 340 774 391 metu
791 335 898 402 incerti,
914 333 1012 403 ignari-

102 447 106 454 ·
162 432 217 484 que
236 415 304 482 quid
324 416 505 483 potissumum
525 414 656 482 iacerent,
676 412 832 483 trepidare;
860 410 897 464 ad
920 426 1011 464 arcem

162 491 263 560 oppidi,
284 490 332 557 ubi
352 492 430 558 signa
446 494 477 544 et
495 493 573 544 scuta
589 494 675 558 erant,
693 488 861 559 praesidimn
877 486 1013 550 hostium;

161 570 259 636 portae
274 569 339 620 aute
352 567 459 628 clausae
474 566 567 634 fugam
582 565 779 634 prohibebant;
796 563 833 617 ad
851 562 903 616 hoc
918 561 1013 615 mulie-

163 659 207 696 res
218 643 351 712 puerique
368 659 419 712 pro
438 643 520 696 tectis
538 642 723 695 aedificiorum
740 656 806 694 saxa
820 642 851 694 et
866 638 926 705 alia,
939 652 1012 707 quae

161 720 236 773 locus
252 719 410 788 praebebat,
430 720 556 773 certatim
579 718 698 773 mittere.
742 717 788 771 Ita
812 731 901 784 neque
918 713 1013 779 ,caveri

161 812 262 864 anceps
276 795 385 862 malum,
401 810 492 863 neque
503 811 520 848 a
531 795 695 848 fortissumis
709 793 901 847 infirmissumo
918 789 1013 860 generi

161 871 252 926 resisti
272 888 366 940 posse;
379 871 464 939 juxta
482 870 546 923 boni
567 871 694 939 malique,
713 870 819 924 strenui
838 871 868 922 et
887 867 1013 922 imbelles

161 947 242 1000 inulti
260 947 424 1002 obtruncari.
460 947 495 1000 In
514 963 546 1000 ea
564 949 642 1000 tanta
665 946 815 1014 asperitate
839 943 1013 998 saevissumis

162 1023 189 1076 N
190 1023 289 1076 umidis
301 1027 331 1077 et
342 1024 442 1092 oppido
457 1023 580 1091 undique
595 1023 686 1076 clauso
702 1021 839 1090 Turpilius
855 1021 1012 1090 praefectus

161 1115 230 1151 unus
246 1115 281 1152 ex
297 1099 423 1152 omnibus
441 1098 544 1152 Italicis
560 1099 680 1151 intactus
697 1096 825 1164 profugit
862 1094 898 1148 Id
909 1094 1013 1148 miseri-

161 1174 289 1228 cordiane
317 1174 432 1244 hospitis
456 1190 492 1226 an
514 1173 641 1240 pactione
667 1175 716 1225 aut
739 1187 803 1225 casu
826 1171 867 1225 ita
889 1170 1013 1224 evenerit

161 1266 258 1320 parum
270 1251 459 1319 comperimus,
477 1249 536 1315 nisi,
553 1248 619 1316 quia
635 1247 676 1300 illi
693 1247 722 1300 in
739 1250 817 1300 tanto
835 1245 907 1299 malo
924 1247 1013 1314 turpis

162 1326 219 1378 vita
236 1326 344 1393 integra
360 1325 433 1378 fama
450 1324 540 1393 potior
556 1323 616 1390 luit,
636 1321 777 1390 improbus
794 1320 1013 1388 intestabilisque

163 1400 279 1454 ridetur.

216 1482 257 1530 68.
294 1474 432 1541 Metellus,
447 1477 594 1543 postquam
607 1473 643 1526 de
655 1471 738 1526 rebus
749 1472 844 1541 Vagae
858 1472 928 1526 actis
941 1489 1013 1527 com-
1084 1472 1087 1477 ’

163 1552 244 1619 perit,
260 1550 399 1618 paulisper
415 1554 536 1602 moestus
553 1565 569 1602 e
585 1552 733 1616 compertu
745 1547 822 1618 abit,
839 1547 947 1616 deinde,
965 1548 1013 1601 ubi

164 1627 206 1679 ira
228 1630 258 1680 et
280 1624 425 1693 aegritudo
454 1624 591 1693 permixta
617 1626 689 1691 sunt,
712 1641 774 1678 cum
797 1640 925 1678 maxuma
948 1641 1014 1678 cura

164 1702 253 1756 ultum
264 1701 306 1755 ire
316 1699 429 1769 injurias
444 1700 563 1755 festinat.
600 1699 748 1768 Legionem
764 1718 825 1755 eum
842 1717 897 1770 qua
911 1699 1013 1755 hiema-

164 1778 221 1845 bat,
233 1781 263 1831 et
275 1793 357 1846 quam
369 1777 509 1845 plurumos
525 1780 617 1846 potest
633 1777 768 1831 Numidas
786 1778 895 1846 equites
908 1778 1015 1846 pariter

165 1871 227 1908 cum
239 1870 336 1907 occasu
347 1853 411 1907 solis
423 1852 569 1921 expeditos
581 1852 676 1906 educit
688 1855 717 1906 et
727 1856 838 1921 postero
847 1852 892 1906 die
905 1852 1014 1906 circiter

165 1929 259 1983 horam
282 1929 394 1983 tertiam
417 1928 544 1997 pervenit
567 1928 596 1981 in
620 1927 756 1995 quandam
779 1928 921 1997 planitiem
947 1928 1014 1982 locis

164 2006 246 2074 paulo
269 2004 453 2073 superioribus
476 2004 696 2058 circumventam.
736 2003 781 2057 Ibi
803 2003 905 2070 milites
928 2004 1014 2058 fessos

163 2080 271 2134 itineris
288 2078 476 2147 magnitudine
492 2082 521 2134 et
534 2078 594 2147 jam
608 2079 753 2134 abnuentis
766 2080 858 2133 omnia
873 2079 956 2135 docet
968 2096 1015 2149 op-

165 2156 260 2226 pidum
275 2157 380 2224 Vagam
398 2172 452 2208 non
470 2155 584 2223 amplius
602 2155 676 2208 mille
693 2172 822 2224 passuum
839 2155 951 2221 abesse;
968 2155 1015 2211 de

165 2249 228 2286 cere
250 2231 311 2285 illos
334 2231 469 2300 reliquum
493 2231 616 2286 laborem
634 2248 722 2299 aequo
745 2233 835 2286 animo
857 2232 924 2300 pati,
948 2232 1014 2285 dum

165 2325 215 2378 pro
226 2307 329 2362 civibus
345 2307 402 2360 suis
413 2307 478 2360 viris
491 2307 654 2370 fomissumis
671 2310 754 2375 atque
769 2308 939 2363 miserrumis
950 2323 1014 2377 poe-

164 2401 214 2438 nas
225 2387 368 2473 caperent3
385 2386 529 2452 praeterea
539 2384 672 2471 praedam
682 2382 799 2451 benigne
811 2385 940 2437 ostentat.
969 2383 1015 2438 sie

166 2460 262 2514 animis
282 2476 376 2513 eorum
399 2458 513 2512 arrectis
525 2459 668 2547 ’equites'
659 2476 688 2512 in
708 2460 797 2528 primo
820 2459 884 2528 late,
904 2459 1014 2528 pedites

55 2525 64 2542 ⁹
143 2608 147 2614 .
166 2552 247 2605 quam
260 2535 423 2598 artissume
415 2551 456 2587 ire
468 2535 531 2590 et
509 2552 587 2623 signa
598 2536 686 2589 occult
687 2552 754 2603 areJ
749 2535 832 2589 'ubet

219 2618 259 2666 69
285 2611 426 2678 Vagenses
443 2610 491 2664 ubi
508 2612 629 2664 animum
647 2611 792 2666 advortere
809 2611 846 2665 ad
863 2627 893 2664 se
904 2626 1015 2664 vorsum

167 2687 317 2741 exercitum
336 2703 458 2754 pergere,
477 2687 574 2755 primo,
594 2690 626 2740 ut
645 2690 705 2741 erat
724 2704 776 2755 res,
793 2686 937 2741 Metellum
953 2701 1014 2740 esse

167 2764 221 2817 rati
241 2766 334 2831 portas
353 2763 490 2827 clausere;
507 2762 614 2829 deinde,
632 2762 680 2814 ubi
699 2778 788 2831 neque
806 2777 886 2828 agros
903 2761 1013 2828 vastari,

168 2842 198 2892 et
214 2855 261 2892 eos
276 2838 324 2907 qui
337 2838 417 2905 primi
433 2837 548 2891 aderant
565 2837 592 2890 N
594 2837 701 2890 umidas
715 2836 823 2904 equites
836 2835 937 2902 vident,
954 2852 1014 2889 rur-

168 2931 228 2968 sum
240 2913 406 2981 Jugurtham
422 2912 549 2966 arbitrati
564 2928 626 2965 eum
642 2927 740 2978 magno
754 2910 854 2978 gaudio
866 2911 938 2964 obvii
952 2928 1014 2981 pro-

167 2989 277 3043 cedunt.
314 2990 429 3057 Equites
449 2987 612 3056 peditesque
632 2991 747 3055 repente
770 2987 847 3052 signo
871 2986 944 3052 dato,
968 2986 1015 3039 alii

167 3064 277 3132 volgum
289 3063 403 3117 effirsum
414 3062 516 3132 oppido
528 3061 650 3127 caedere,
662 3060 708 3113 alii
720 3060 756 3113 ad
772 3062 866 3127 portas
877 3060 1014 3127 festinare,

167 3157 232 3211 pars
244 3140 328 3195 turris
338 3156 445 3209 capere,
453 3139 495 3191 ira
506 3139 592 3206 atquc
603 3135 722 3204 praedae
734 3149 797 3202 spes
809 3133 924 3200 amplius
933 3150 1014 3200 quam
