2275 3425
165 114 196 161 48
408 121 435 170 c.
455 119 631 169 sanuusrr
649 120 766 168 111111

161 202 332 256 excmcialus
346 201 496 270 impietatis
512 202 541 254 in
551 204 694 270 parentem
710 205 842 269 nostrum,
854 202 949 255 fratris
961 202 1015 255 mei

163 282 237 335 neeis
258 294 435 346 mearumque
459 280 637 339 miseriarum,
659 281 749 347 gravis
775 281 876 350 poenas
905 285 1013 338 reddat.

162 358 283 427 Jamjam
300 358 394 424 frater,
412 357 502 410 animo
522 373 584 410 meo
605 358 759 424 carissume,
781 377 945 428 quamquam
963 361 1015 415 tibi

161 436 315 501 immaturo,
334 437 364 487 et
379 433 453 487 unde
469 433 590 485 minume
607 432 708 499 decuit,
723 435 781 487 vita
797 439 893 505 erepta
909 443 960 504 est,
973 442 1016 493 ta·

162 528 225 564 men
248 511 406 564 laetandum
432 509 520 576 magis
544 525 626 576 quam
653 509 801 564 dolendum
817 515 896 579 puto
920 530 1014 569 casum

162 593 255 654 tuum3
271 604 325 640 non
344 587 417 639 enim
433 602 555 652 regnum,
575 586 624 639 sed
639 586 739 654 fugam,
758 589 889 655 exsilium,
907 595 1016 658 egesta:

162 668 218 717 tem
231 669 260 718 et
272 663 359 717 omnis
371 662 420 716 has
432 677 503 731 quae
518 678 562 715 me
576 665 706 731 premunt
722 680 866 719 aerumnas
883 684 944 719 cum
957 670 1015 721 ani-

163 758 206 794 ma
224 740 303 795 simul
316 739 438 794 amisisti.
475 740 516 791 At
531 755 582 805 ego
594 738 695 805 infelix,
710 740 738 792 in
754 744 833 794 tanta
846 743 919 795 mala
934 761 1013 812 prae-

161 818 290 886 cipitatus
308 834 342 870 ex
356 816 445 884 patrio
461 830 553 882 regno,
568 830 661 867 rerum
677 814 857 870 humanarum
874 824 1013 886 spectacu-

160 895 218 948 lum
229 894 355 963 praebeo,
367 893 487 945 incertus
503 890 570 958 quid
582 907 669 958 agam,
685 894 783 946 tuasne
797 892 910 961 injurias
922 912 1014 963 perse

161 988 230 1041 quar
247 971 305 1040 ipse
321 969 404 1023 auxili
420 983 511 1036 egens,
527 983 562 1020 au
579 984 663 1035 regno
681 969 827 1035 consulam,
844 970 923 1038 cujus
938 972 1013 1027 vitae

161 1049 289 1116 necisque
307 1048 430 1114 potestas
451 1061 485 1097 ex
511 1043 609 1112 opibus
632 1043 728 1097 alienis
751 1045 855 1114 pendet
898 1047 1011 1103 Utinam

161 1124 246 1177 emori
264 1122 380 1177 fortunis
400 1121 468 1174 meis
488 1120 620 1173 honestus
638 1121 729 1173 exitus
747 1127 827 1189 esset,
848 1140 902 1177 neu
918 1124 1012 1180 vivere

160 1203 334 1269 contemptus
352 1198 468 1265 viderer,
489 1198 511 1250 si
529 1195 652 1249 defessus
670 1197 747 1249 malis
767 1198 884 1266 injuriae
902 1217 1011 1255 conces

161 1279 263 1331 sisscm.
295 1276 375 1329 Nunc
388 1290 476 1342 neque
490 1272 582 1327 vivere
593 1272 671 1325 lubet
687 1290 776 1341 neque
788 1275 857 1327 mori
871 1276 935 1329 licet
951 1278 1011 1331 sina

160 1354 304 1408 dedecore.
340 1352 438 1405 Patres
449 1350 604 1417 conscripti,
618 1365 669 1416 per
684 1367 739 1416 vos,
755 1368 805 1418 per
816 1351 916 1406 liberos
928 1357 1011 1422 atque

159 1434 289 1500 parentes
300 1432 414 1493 vostros,
433 1443 482 1495 per
493 1425 667 1493 majestatem
678 1427 771 1494 populi
786 1427 901 1483 Romani
914 1430 1012 1483 subvo-

160 1508 217 1560 nite
236 1507 335 1559 misero
355 1504 428 1569 mihi,
446 1504 485 1556 ite
503 1501 612 1554 obviam
628 1501 753 1570 injuriae,
771 1503 856 1557 nolite
872 1505 931 1571 pati
949 1522 1011 1574 reg-

160 1600 224 1635 num
238 1581 391 1646 Numidiae,
407 1579 482 1648 quod
494 1581 616 1630 vostrum
629 1581 679 1645 est,
696 1593 746 1645 per
758 1579 846 1633 scelus
862 1583 892 1633 et
903 1583 1011 1649 sangui-

162 1676 221 1714 uem
233 1658 351 1713 familiae
362 1661 471 1709 nostrae
483 1653 647 1707 tabescere.'’

212 1743 251 1790 15.
288 1735 437 1802 Postquam
455 1747 504 1784 rex
518 1731 600 1783 finem
618 1730 748 1799 loquendi
765 1731 837 1798 fecit,
855 1732 939 1801 legati
958 1733 1010 1786 Ju-

158 1813 274 1883 gurthae
291 1810 436 1878 largitione
455 1808 541 1874 magis
558 1822 641 1875 quam
661 1823 756 1860 caussa
773 1808 837 1860 freti
857 1809 951 1876 paucis
968 1827 1011 1863 re

158 1890 308 1959 spondent:
322 1882 530 1952 “Hiempsalem
543 1884 579 1936 ob
592 1882 733 1935 saevitiam
745 1900 821 1936 suam
833 1883 868 1936 ab
881 1883 1010 1940 Numidis

157 1965 346 2028 interfectum3
360 1959 546 2014 Adherbalem
558 1959 632 2012 ultro
641 1958 743 2011 bellum
755 1959 923 2025 inferentem,
935 1966 1010 2029 post

158 2060 239 2113 quam
258 2043 402 2107 superatus
416 2038 460 2102 sit,
478 2035 555 2104 queri
573 2035 648 2102 quod
661 2034 789 2103 injuriam
805 2036 895 2089 lacere
913 2038 1009 2106 nequi-

157 2121 248 2175 visset.
284 2114 451 2183 Jugurtham
463 2111 498 2164 ab
513 2115 610 2164 senatu
625 2114 729 2180 potere,
744 2128 821 2165 nese
835 2113 1009 2183 aliumputa-

157 2200 220 2250 rent
240 2211 272 2247 ac
292 2190 457 2246 Numantiae
478 2187 604 2254 cognitus
627 2190 707 2255 esset,
727 2204 781 2241 neu
799 2188 884 2241 verba
907 2189 1009 2243 inimici

157 2270 306 2326 antefacta
322 2284 370 2320 sua
381 2263 536 2334 ponerent.”
572 2262 680 2316 Deinde
690 2265 801 2332 utrique
815 2264 890 2317 curia
901 2266 1010 2334 egredi-

157 2353 248 2403 untur.
279 2347 394 2400 Senatus
411 2343 503 2397 statim
515 2342 672 2395 consulitur.
702 2342 833 2395 Fautores
847 2341 1008 2414 legatorum,

157 2429 301 2496 praeterea
317 2425 428 2475 senatus
440 2436 538 2487 magna
552 2435 617 2486 pars
631 2419 721 2485 gratia
736 2418 886 2488 depravata
898 2418 1004 2471 Adher-

157 2504 227 2558 balis
246 2500 319 2554 dicta
339 2501 519 2561 contemnere,
540 2493 697 2562 iugurthae
719 2495 850 2548 virtutem
874 2494 1010 2547 extollere

157 2578 283 2633 laudibus
292 2597 298 2642 ;
308 2575 405 2644 gratia,
414 2589 487 2640 voce,
497 2571 616 2639 denique
625 2570 750 2623 omnibus
762 2570 850 2623 modis
857 2586 907 2638 pro
919 2570 1009 2623 alieno

157 2656 259 2711 scelere
272 2658 301 2708 et
317 2651 420 2719 flagitio
437 2666 485 2703 sua
501 2648 578 2718 quasi
595 2664 644 2717 pro
660 2646 747 2714 gloria
763 2646 929 2700 nitebantur.
966 2648 1010 2700 At

157 2737 252 2789 contra
269 2730 354 2800 pauci,
374 2729 472 2797 quibus
489 2726 590 2779 bonum
609 2728 638 2779 et
656 2740 773 2792 aeqiuim
798 2722 900 2777 divitiis
917 2723 1009 2776 carius

157 2814 224 2879 erat,
245 2806 463 2862 subveniundum
485 2800 636 2857 Adherbali
656 2804 685 2853 et
705 2799 872 2869 Hiempsalis
890 2801 1009 2852 mortem

157 2903 251 2942 severo
263 2883 451 2939 vindicandam
464 2880 627 2944 censebant3
640 2878 688 2931 sed
701 2894 735 2930 ex
745 2876 869 2929 omnibus
880 2891 1009 2927 maxume

159 2963 291 3017 Aemilius
307 2962 429 3024 Scaurus,
445 2958 525 3011 homo
540 2956 646 3024 nobilis,
662 2954 786 3021 impiger,
800 2952 936 3016 factiosus
954 2950 1009 3002 avi-

158 3039 210 3092 dus
230 3038 378 3108 potentiae,
399 3035 516 3099 honoris,
540 3031 703 3092 diviliarum,
728 3032 861 3082 ceterum·
874 3027 941 3079 vitia
959 3042 1010 3079 sua

158 3114 255 3168 callide
267 3114 411 3167 occultans.
449 3110 477 3161 Is
489 3111 633 3177 postquam
651 3106 729 3158 videt
745 3103 817 3171 regis
833 3101 1008 3171 largitionem

159 3191 288 3245 famosam
298 3186 547 3256 impudentemque,
561 3181 674 3247 veritus,
687 3181 760 3247 quod
776 3180 803 3232 in
820 3180 869 3233 tali
881 3194 913 3232 ro
929 3177 1009 3237 solete
