2275 3425
480 117 689 169 Juouumm.
980 122 1007 184 ιι

162 214 242 253 carus
253 214 327 265 esse;
345 198 382 253 ad
397 198 449 254 hoc
462 199 593 269 pleraque
605 204 731 268 tempora
744 197 908 253 intonando
920 214 1011 266 agere,

162 275 269 335 leonem
287 278 371 344 atque
390 275 457 329 alias
475 276 547 329 feras
566 278 671 346 primus
690 274 785 327 autin
804 274 900 343 primis
918 275 1010 342 ferire,

163 351 319 421 plurumum
335 352 432 417 facere,
446 352 596 406 minumum
613 354 672 422 ipse
690 351 725 404 de
743 367 772 404 se
789 351 870 418 loqui.
906 350 1011 414 Quibus

163 428 246 482 rebus
264 428 379 496 Micipsa
396 428 507 481 tametsi
525 429 604 482 initio
621 429 709 482 laetus
726 428 825 494 fuerat,
844 426 1012 480 existumans

163 504 294 559 virtutem
306 504 326 558 J
327 503 463 572 ugurthae
474 520 558 571 regno
572 522 620 558 suo
632 504 736 572 gloriae
747 504 814 570 iore,
826 507 926 570 tamen,
938 508 1012 570 post

165 596 245 647 quam
254 580 391 633 hominem
401 579 610 648 adulescentem,
617 583 714 634 exacta
723 597 772 633 sua
783 583 875 633 aetate
884 582 913 632 et
922 580 1013 646 paruis

164 655 264 724 liberis,
279 657 365 724 magis
383 658 523 725 magisque
540 673 663 710 crescere
680 657 825 724 intellegit,
834 655 1014 734 uehementer

165 749 199 787 eo
218 734 329 801 negotio
349 736 489 802 permotus
513 733 600 786 multa
619 750 681 786 cum
702 734 791 786 animo
812 749 861 786 suo
880 731 1013 785 volvebat.

166 809 298 865 Terrebat
309 808 395 879 [eum]
407 811 506 863 natura
516 810 680 875 mortalium,
693 807 774 862 avida
785 809 883 876 imperi
896 812 924 861 et
936 824 1014 876 prae-

165 902 229 955 ceps
246 885 282 939 ad
299 885 461 953 explendam
478 885 561 939 animi
577 884 742 953 cupidinem,
757 888 900 953 praeterea
919 900 1015 952 oppor-

165 962 269 1014 tunitas
281 978 347 1015 suae
358 961 559 1030 liberorumque
572 962 680 1028 aetatis,
694 977 763 1028 quae
775 962 857 1014 etiam
869 958 1014 1013 mediocris

166 1038 238 1090 viros
250 1037 428 1105 spepraedae
440 1040 610 1090 transvorsos
623 1036 688 1105 agit,
701 1036 736 1089 ad
750 1036 801 1090 hoc
813 1037 905 1090 studia
919 1036 945 1088 N
947 1036 1014 1088 umi-

167 1111 263 1165 darum
275 1113 303 1164 in
316 1112 482 1181 Jugurtham
495 1129 616 1177 accensa,
627 1129 661 1165 ex
674 1112 781 1180 quibus,
794 1112 816 1164 si
830 1113 914 1165 talem
925 1113 1014 1164 virum

167 1187 237 1241 dolis
256 1188 445 1257 interfecisset,
463 1204 499 1241 ne
518 1204 573 1257 qua
591 1187 691 1241 seditio
710 1191 758 1240 aut
776 1187 877 1241 bellum
896 1188 1015 1240 oriretur

166 1265 263 1318 anxius
276 1267 342 1318 erat.
395 1299 396 1304 =

173 1391 176 1394 .
220 1344 243 1397 7.
281 1339 335 1393 His
346 1338 554 1393 difficultatibus
564 1340 765 1393 circumventus
776 1338 823 1392 ubi
836 1339 912 1396 videt
926 1357 1016 1410 neque

167 1418 286 1486 pervim
300 1432 388 1484 neque
402 1414 510 1469 insidiis
524 1415 640 1483 opprimi
654 1431 733 1483 posse
747 1414 884 1467 hominem
899 1420 956 1469 tam
973 1433 1016 1469 ac-

167 1495 277 1560 ceptum
294 1490 477 1560 popidaribua
493 1491 567 1558 quod
582 1494 643 1544 erat
657 1490 797 1557 Jugurtha
812 1506 893 1543 manu
909 1508 1017 1561 promp

168 1570 215 1620 tus
230 1570 260 1620 et
274 1569 407 1636 appetens
420 1566 522 1634 gloriae
538 1566 671 1630 militaris,
686 1566 784 1620 statuit
798 1582 861 1618 eum
877 1567 1017 1635 objectare

168 1642 296 1712 periculis
312 1645 340 1695 et
359 1658 391 1696 eo
407 1641 489 1694 modo
505 1641 642 1695 fortunam
659 1645 802 1710 temptare.
840 1642 930 1710 lga'tur
945 1643 1017 1697 bello

169 1719 336 1772 Numantino
343 1718 459 1787 Micipsa
468 1736 551 1787 quum
563 1718 664 1788 populo
672 1719 793 1772 Romano
803 1720 925 1788 equitum
934 1725 1018 1788 atque

169 1794 295 1864 peditum
309 1794 411 1847 auxilia
424 1795 556 1862 mitteret,
570 1811 682 1862 sperans
699 1794 741 1847 vel
756 1796 920 1849 ostentando
933 1798 1019 1852 u'rtu-

168 1874 228 1924 tem
239 1870 282 1923 vel
293 1869 414 1924 hostium
425 1871 537 1923 saevitia
548 1871 629 1924 facile
638 1887 699 1924 eum
710 1887 874 1940 occasurum,
886 1874 1019 1940 praefecit

170 1945 298 1999 Numidis
310 1962 378 2014 quos
389 1946 418 1998 in
431 1946 592 2014 Hispaniam
603 1946 738 2000 mittebat.
770 1947 826 2000 Sed
838 1964 871 2000 ea
882 1964 927 2001 res
938 1948 1019 2016 longe

154 2060 156 2065 «
170 2022 251 2075 aliter
267 2038 298 2074 ac
312 2025 389 2075 ratus
404 2026 464 2076 erat
478 2022 575 2075 evenit.
612 2022 637 2074 N
640 2039 684 2075 am
696 2022 714 2074 J
717 2022 837 2090 ugurtha
847 2027 879 2077 ut
893 2029 953 2077 erat
970 2025 1020 2078 im-

169 2099 248 2166 pigro
263 2098 419 2164 atqueacri
433 2097 551 2165 ingenio,
565 2098 612 2151 ubi
632 2102 756 2151 naturam
773 2098 802 2152 P.
816 2099 956 2169 Scipionis,
972 2102 1020 2169 qui

170 2177 230 2227 tum
250 2172 380 2227 Romanis
397 2174 545 2242 imperator
564 2178 632 2240 erat,
652 2176 680 2227 et
698 2190 802 2228 morem
821 2175 940 2229 hostium
960 2194 1021 2244 cog-

170 2249 252 2316 novit,
264 2248 349 2302 multo
364 2248 457 2303 labore
473 2251 615 2318 multaque
629 2266 703 2317 eura,
717 2256 861 2318 praeterea
877 2253 1021 2311 modesti·

171 2342 247 2378 sume
259 2325 381 2393 parendo
390 2327 419 2379 et
431 2342 513 2394 saepe
521 2326 629 2379 obviam
639 2326 728 2379 eundo
737 2327 864 2395 periculis
876 2329 904 2380 in
914 2333 1018 2383 tautam

171 2400 360 2455 claritudinem
373 2400 450 2453 brevi
462 2405 625 2469 pervenerat
636 2405 668 2455 ut
680 2403 781 2455 nostris
789 2403 966 2458 vehementer
978 2422 1020 2458 ca-

171 2493 225 2542 rus,
240 2476 414 2530 Numantinis
428 2493 555 2530 maxumo
570 2478 669 2531 terrori
684 2481 764 2531 esset.
802 2480 845 2531 Ac
858 2496 930 2547 sane,
946 2481 1020 2549 quod

172 2552 368 2605 difficillumum
385 2553 413 2606 in
430 2553 526 2622 primis
540 2558 592 2620 est,
608 2557 637 2607 et
654 2554 756 2621 proelio
771 2558 899 2608 strenuus
917 2561 977 2611 erat
991 2562 1020 2611 et

172 2628 258 2682 bouus
270 2628 386 2695 consilio,
396 2645 510 2696 quorum
524 2629 641 2682 alterum
653 2645 687 2682 ex
699 2630 873 2697 providentia
885 2632 1021 2695 timorem,

173 2703 290 2757 alterum
300 2721 334 2757 ex
345 2704 459 2757 audacia
467 2705 654 2758 temeritatem
667 2704 765 2757 afferre
773 2705 935 2774 plerumque
945 2708 1021 2761 solet.

174 2780 264 2847 igitur
275 2780 423 2849 imperator
434 2779 521 2833 onmis
536 2780 595 2834 iere
609 2796 654 2833 res
665 2796 777 2848 asperas
792 2796 842 2847 per
853 2781 873 2833 J
874 2782 1020 2849 ugurtham

173 2870 263 2923 agere,
284 2855 312 2907 in
332 2855 424 2909 amicis
442 2855 551 2923 habere,
570 2855 658 2922 magis
676 2854 817 2921 magisque
836 2872 898 2908 eum
916 2855 1022 2909 indies

174 2931 308 3000 amplecti,
320 2931 421 3000 quippe
434 2929 511 2999 cujus
527 2947 617 2998 neque
628 2929 768 2983 consilium
781 2947 870 2996 neque
883 2932 1021 2999 inceptum

90 3062 93 3069 Α
173 3007 258 3060 ullum
274 3007 376 3061 frustm
386 3009 458 3060 erat.
496 3006 559 3059 Huc
578 3005 726 3058 accedebat
740 3005 925 3058 munificentia
939 3007 1021 3057 animi

174 3085 204 3137 et
222 3082 313 3151 ingeni
333 3083 451 3149 solertia,
472 3082 533 3149 quis
551 3080 633 3134 rebus
652 3078 704 3130 sibi
722 3077 823 3130 multos
840 3093 875 3131 ex
893 3079 1023 3132 Romanis

173 3158 299 3212 familiari
310 3158 430 3213 amicitia
442 3155 627 3222 conjunxerat.
