2275 3425
481 98 691 150 JUGURTHA.
981 104 1010 151 59

161 183 263 237 vostris
279 183 411 238 obediens
426 181 494 237 erit:
516 182 557 235 sin
570 198 604 234 ea
620 179 777 248 contemnit,
789 179 895 235 scilieet
910 180 1010 235 existu-

162 259 272 315 mabitis
285 261 373 330 qualis
385 254 432 314 illa
447 276 501 328 pax
517 263 565 313 aut
577 260 682 312 deditio
694 259 738 324 sit,
751 275 786 312 ex
799 275 852 327 qua
864 258 899 313 ad
911 260 930 312 J
931 277 1010 328 ugur-

161 337 237 391 tham
254 338 387 391 scelerum
402 337 558 405 impunitas,
572 336 607 388 ad
620 352 720 403 paucos
736 337 856 404 potentis
868 352 1011 390 maxumae

161 413 280 478 divitiae,
298 414 335 467 ad
352 431 410 466 rem
427 413 563 482 publicam
583 412 682 464 ‹lanma
699 415 783 480 atque
799 411 936 466 dedecora
949 429 1008 480 per·

161 490 301 556 venerint3
329 490 381 544 uisi
404 491 476 542 forte
499 488 620 541 nondum
643 489 728 541 etiam
749 504 797 541 vos
821 488 1010 542 dominationis

161 581 255 619 eorum
271 567 385 620 satietas
401 570 484 632 tenet,
497 568 526 619 et
537 565 584 618 illa
600 581 682 632 quam
698 564 765 618 haee
781 568 906 632 tempora
923 565 1011 632 magis

161 642 277 711 placent,
299 659 383 711 quum
404 658 495 710 regna,
517 634 679 711 provinciae,
701 642 784 709 leges,
804 640 877 708 jura,
897 640 1023 709 judicia,¹

160 717 233 772 bella
253 723 336 786 atque
355 734 444 787 paoes,
464 723 603 786 postremo
626 718 718 771 divina
736 720 765 771 et
783 715 901 770 humana
919 718 1010 773 omnia

160 810 244 863 penes
255 810 356 862 paucos
364 797 449 859 eraut
457 811 504 847 vus
514 798 616 861 autem,
627 793 678 847 hoo
688 797 731 848 est
739 794 855 862 populus
867 794 1008 862 Romanus,

160 870 254 924 invicti
269 870 304 923 ab
315 870 448 937 hostibus,
464 870 645 939 imperatores
661 870 780 923 omnium
796 870 926 937 gentium,
943 870 1010 924 satis

159 945 302 1000 habebatis
325 946 442 999 animam
465 946 600 1010 retinere3
626 963 689 999 nam
713 945 875 999 servitutem
897 947 1009 1014 quidem

160 1022 222 1090 quis
240 1027 363 1077 vostrum
382 1039 509 1075 recusare
529 1022 670 1076 audebat?
706 1024 800 1090 Atque
821 1039 880 1089 ego,
898 1024 1009 1077 tametsi

159 1099 249 1151 virum
266 1098 515 1166 flagitiosissumum
535 1098 670 1151 existumo
690 1098 802 1166 impune
822 1098 948 1166 injuriam
966 1115 1009 1152 ae-

159 1174 272 1243 eepisse,
284 1181 376 1228 tamen
388 1191 436 1229 vos
451 1173 607 1228 hominibus
623 1174 847 1227 sceleratissumis
863 1174 1009 1242 ignoscere,

160 1252 289 1319 quoniam
309 1252 382 1304 cives
402 1253 474 1318 sunt,
495 1266 583 1318 aequo
604 1251 694 1303 animo
717 1253 835 1317 paterer,
856 1250 885 1302 ni
907 1251 1010 1303 miseri-

160 1326 255 1380 cordia
266 1327 294 1379 in
305 1326 454 1395 perniciem
466 1342 563 1380 casura
576 1330 655 1379 esset.
686 1325 758 1378 Nam
767 1329 796 1379 et
805 1325 865 1390 illis,
878 1329 1009 1394 quantum

160 1401 377 1470 importunitatis
390 1402 501 1467 habent,
518 1418 616 1470 parum
633 1408 676 1454 est
691 1402 801 1469 impune
818 1402 889 1454 male
906 1402 1009 1471 fecisse,

161 1477 213 1529 nisi
232 1476 333 1530 deinde
352 1477 471 1530 faciundi
486 1477 598 1530 lieentia
614 1477 744 1544 eripitur;
764 1481 793 1530 et
805 1477 882 1531 robis
898 1481 1010 1531 aeterna

91 1597 94 1602 .
162 1552 315 1605 sollicitudo
327 1553 488 1618 remanebit,
500 1569 585 1621 quum
597 1552 763 1620 intellegetis
774 1557 823 1606 aut
834 1553 1009 1607 serviundum

161 1643 222 1682 esse
238 1632 286 1681 aut
301 1646 352 1696 por
368 1645 464 1682 manus
475 1627 632 1682 libertatem
645 1628 825 1682 retinendam.
860 1629 932 1682 ll'am
944 1630 1008 1683 fidei

162 1703 273 1773 quidem
294 1708 342 1759 aut
361 1703 522 1758 concordiae
543 1721 613 1771 quae
632 1721 694 1773 spes
714 1707 776 1760 estl
812 1704 951 1760 Dominari
968 1706 1008 1760 illi

161 1855 244 1921 bere;
261 1860 399 1924 postremo
419 1856 497 1909 sociis
512 1856 612 1910 vostris
631 1854 865 1922 veluti'hostibus,
884 1858 1009 1913 hostibus

160 1949 211 2001 pro
227 1932 306 1986 sociis
321 1935 444 1986 utuntur.
480 1932 611 1986 Potestne
626 1933 653 1985 iu
668 1937 725 1987 tam
741 1932 858 1986 divorsis
871 1935 1009 1988 mentibus

161 2024 214 2076 pax
232 2012 280 2062 ant
297 2009 418 2063 amicitia
435 2011 516 2064 esset
552 2009 643 2074 Quare
660 2025 757 2062 moneo
774 2009 922 2078 hortorque
939 2008 1009 2080 [vos]

161 2101 196 2138 ne
211 2089 319 2139 tantum
333 2085 420 2141 scelus
434 2085 597 2153 impunitum
605 2084 754 2148 omittatis.
790 2085 815 2137 N
817 2102 852 2139 on
867 2087 1009 2153 peculatus

161 2161 250 2214 aerari
264 2161 351 2214 iaetus
364 2163 414 2229 est,
428 2177 518 2228 neque
529 2178 579 2229 per
591 2160 646 2213 vim
659 2160 737 2214 sociis
750 2165 860 2229 ereptae
871 2162 1009 2231 pecuniae,

161 2254 231 2305 qnae
244 2253 409 2305 quamquam
426 2237 520 2304 gravia
539 2241 610 2302 sunt
629 2240 721 2291 tamen
739 2239 934 2292 consuetudine
949 2238 1009 2307 jam

161 2311 313 2382 pronihilo
333 2313 475 2367 habentur.
520 2313 602 2366 Hosti
626 2329 766 2366 acerrumo
789 2314 905 2382 prodita
922 2314 1010 2368 senati

162 2389 317 2457 auotoritas,
334 2390 472 2458 proditum
486 2389 631 2457 imperium
643 2394 781 2455 vostrum3
799 2389 873 2443 domi
887 2391 1010 2444 militiae

162 2482 216 2534 que
228 2482 272 2519 res
283 2465 391 2534 publiea
402 2465 505 2519 venalis
519 2466 579 2522 fuit.
616 2465 693 2530 Quae
709 2465 761 2518 nisi
779 2467 903 2533 quaesita
920 2468 1009 2532 eruut,

162 2542 213 2595 nisi
233 2542 398 2595 vindicatum
419 2541 446 2593 in
466 2542 568 2610 noxios,
590 2541 658 2609 quid
680 2542 734 2596 erit
752 2541 888 2610 reliquum
908 2541 959 2593 nisi
978 2544 1011 2595 ut

162 2618 215 2670 illis
233 2618 280 2686 qui
298 2633 331 2671 ea
348 2617 438 2671 fecere
457 2616 616 2671 obedientes
634 2618 776 2672 vivamus?
811 2618 881 2670 Nam
900 2618 1011 2685 impune

162 2693 325 2762 quaelubet
341 2693 439 2754 faeere.
456 2693 545 2746 idest
563 2710 657 2761 regem
673 2710 741 2747 esse.
777 2693 875 2760 Neque
892 2708 942 2759 ego
954 2709 1010 2759 vos,

163 2769 290 2834 Quirites,
307 2768 403 2823 hortor
416 2773 449 2823 ut
463 2769 565 2822 malitis
578 2769 643 2822 civis
655 2773 761 2822 vostros
772 2784 916 2838 perperam
929 2783 1011 2834 quam

162 2849 238 2897 reete
254 2843 358 2912 fecisse,
374 2844 424 2898 sed
440 2860 475 2897 ne
490 2844 654 2912 ignoscendo
672 2844 751 2897 malis
770 2844 855 2896 bonos
872 2843 1012 2909 perditum

161 2920 238 2974 eatis.
276 2920 323 2973 Ad
342 2919 392 2974 hoe
413 2921 442 2974 in
462 2937 493 2973 re
513 2920 622 2989 publiea
641 2920 727 2973 multo
751 2922 874 2984 praestat
898 2917 1012 2970 benefici

163 3011 245 3064 quam
264 2995 381 3049 malefici
404 2996 591 3049 immemorem
613 3012 687 3056 esse;
717 2993 803 3045 bonus
824 2992 1012 3044 tantummodo

161 3072 270 3134 segnior
281 3072 322 3141 fit,
333 3072 381 3126 ubi
393 3072 528 3140 neglegas,
540 3075 570 3125 at
582 3071 669 3123 malus
681 3067 835 3134 improbior.
868 3066 914 3119 Ad
926 3065 977 3117 hoe
990 3065 1013 3117 si

161 3146 278 3216 injuriae
290 3164 343 3201 uon
356 3149 419 3213 sint,
431 3147 506 3200 haud
517 3162 600 3214 saepe
612 3142 696 3196 auxili
709 3139 810 3208 egeas.'‘
