2275 3425
424 124 429 129 ”
490 120 697 171 JUGURTHA.
765 136 767 139 ’
876 137 885 144 “
972 130 1018 177 105

169 199 354 254 Romanorum
366 199 496 288 avaritiae
504 201 602 255 falsam
611 206 640 256 ct
652 202 755 257 Sullam
763 202 799 257 ob
808 203 1019 261 munificentiam

169 275 197 328 in
218 292 278 330 sese
298 277 413 330 amicum
434 277 494 331 rati.
539 278 611 332 Nam
632 279 776 333 etiamtum
796 280 906 369 largitio
925 282 1019 338 multis

169 351 263 419 ignota
279 355 354 418 erat;
370 353 512 407 munificus
527 371 607 407 nemo
623 355 773 423 putabatur
787 357 840 410 nisi
855 357 960 425 pariter
973 374 1019 411 vo

169 427 236 492 lens,
260 427 331 480 dona
355 429 443 481 omnia
465 428 493 481 in
517 429 688 498 benignitate
710 430 890 486 habebantur.
929 431 1019 500 Igitur

170 503 307 569 quaestori
317 494 454 556 nrandata
469 503 567 558 Bocchi
583 505 766 574 patefaciunt;
739 506 864 560 tsimul
879 506 914 561 ab
926 523 958 560 co
972 525 1019 577 pe-

169 579 233 632 tunt
251 579 292 632 uti
311 579 402 632 fautor
420 580 610 669 consultorque
630 581 681 635 sibi
699 582 787 649 adsit;
810 583 908 651 copias,
927 583 1019 652 fidem,

169 653 384 721 magnitudinem
399 655 472 722 regis
484 657 525 709 sui
537 662 566 710 et
580 657 633 710 alia
645 673 715 725 quae
729 661 778 712 aut
788 659 867 712 utilia
878 661 927 711 aut
938 658 1019 713 bene

169 729 302 783 velentiae
318 745 378 783 esse
393 730 551 798 credebant,
564 732 687 786 oratione
699 733 848 798 extollunt3
866 734 929 787 dein
945 734 1020 787 Sulla

169 806 259 858 omnia
282 805 410 875 pollicito,
431 806 504 861 docti
526 824 580 874 quo
603 808 685 860 modo
708 811 782 877 apud
806 809 932 875 Marium,
951 809 1019 862 item

169 881 243 948 apud
258 886 381 936 senatum
398 882 482 936 verba
497 884 626 952 moerent,
640 883 749 938 circiter
763 884 822 938 dies
838 883 1020 954 quadraginta

168 955 272 1010 ibidem
284 959 469 1026 opperiuntur.
510 997 512 1001 -

223 1039 278 1087 104.
315 1035 420 1088 Marius
437 1038 583 1104 postquam
600 1036 722 1091 confecto
740 1036 916 1105 negotioque
931 1039 1019 1094 inten-

169 1107 249 1162 derat
262 1110 366 1164 Oirtam
378 1109 459 1178 redit,
472 1111 508 1164 de
519 1111 640 1166 adventu
655 1110 808 1177 legatorum
819 1112 920 1165 certior
931 1115 1019 1169 factus

169 1182 283 1253 illosque
295 1190 324 1240 et
337 1186 438 1239 Sullam
450 1186 543 1240 venire
551 1185 642 1253 jubet,
654 1185 722 1238 item
735 1186 764 1238 L.
778 1185 931 1241 Bellienum
943 1205 1019 1257 prae-

169 1261 256 1313 torem
270 1262 358 1327 Utica,
370 1264 514 1328 praeterea
525 1261 612 1315 omnis
625 1259 748 1327 undique
764 1261 894 1313 senatorii
908 1263 1018 1332 ordinis,

168 1334 330 1403 quibuscum
342 1335 472 1388 mandata
484 1335 585 1389 Bocchi
597 1335 741 1403 cognoscit.
773 1336 884 1402 Legatis
895 1342 1018 1406 potestas

169 1410 252 1463 eundi
271 1411 384 1462 Romam
401 1410 433 1464 fit
450 1409 485 1463 ab
499 1411 622 1476 consule;
640 1410 746 1463 interea
761 1409 887 1465 induciae
901 1415 1019 1479 postula-

171 1484 276 1539 bantur.
315 1485 356 1538 Ea
375 1484 466 1540 Sullae
484 1489 514 1539 et
532 1485 669 1554 plerisque
687 1485 828 1552 placuere;
852 1488 931 1554 pauci
949 1489 1020 1542 fere·

169 1561 228 1615 cius
244 1561 401 1627 decernunt,
417 1560 521 1614 scilicet
535 1560 623 1627 ignari
641 1560 819 1613 humatarum
834 1577 934 1630 rerum,
949 1581 1019 1630 quae

170 1636 259 1691 fluxae
277 1641 307 1691 et
325 1636 438 1690 mobiles
456 1652 565 1705 semper
579 1637 606 1688 in
621 1635 736 1688 advorsa
753 1639 901 1691 mutantur.
939 1639 1019 1694 Oete-

169 1729 231 1766 rum
254 1714 345 1767 Mauri
368 1713 522 1781 impetratis
541 1710 666 1765 omnibus
689 1714 747 1765 tres
766 1712 881 1766 Romam
904 1716 1019 1783 profecti

169 1805 230 1842 eum
252 1790 300 1843 Cn.
315 1789 428 1843 Octavio
448 1789 565 1855 Rusone,
587 1788 634 1856 qui
657 1791 786 1856 quaestor
805 1789 970 1856 stipendium
991 1792 1020 1845 in

171 1865 293 1918 Africam
316 1868 482 1934 portaverat,
503 1864 557 1916 duo
578 1863 614 1916 ad
628 1879 731 1931 ,regem
751 1863 874 1918 redeunt
905 1865 953 1918 Ex
976 1866 1020 1921 his

170 1938 293 1993 Bocchus
314 1957 399 2009 quum
420 1943 519 2006 cetera,
539 1942 599 1992 tum
623 1955 749 1992 maxume
772 1938 969 2007 benignitatem
990 1946 1020 1996 et

170 2015 291 2068 studium
314 2016 405 2070 Sullae
428 2013 523 2068 lubens
546 2015 660 2083 accepit.
704 2013 807 2068 Romae
831 2014 929 2083 legatis
952 2018 1019 2086 ejus,

170 2095 313 2159 postquam
332 2097 438 2145 errasse
455 2106 548 2157 regem
569 2091 600 2142 et
619 2089 774 2157 Jugurthae
794 2090 895 2144 scelere
915 2091 1020 2160 lapsum

170 2166 308 2234 deprecati
320 2169 392 2233 sunt,
399 2165 546 2222 amicitiam
556 2168 587 2218 et
598 2165 695 2219 foedus
706 2165 865 2233 petentibus
875 2166 927 2220 hoc
939 2167 1020 2221 modo

169 2241 364 2310 respondetur:
383 2242 524 2296 “Senatus
538 2243 568 2293 et
582 2241 698 2310 populus
711 2235 848 2295 Romanus
863 2241 977 2296 benefici
991 2246 1021 2296 et

170 2316 285 2384 injuriae
302 2334 406 2371 memor
423 2334 484 2371 esso
502 2316 579 2369 solet
616 2316 745 2370 Ceterum
763 2316 879 2384 Boccho,
894 2319 1020 2385 quoniam

85 2439 89 2456 ,
170 2392 300 2461 poenitet,
320 2393 414 2446 delicti
432 2392 548 2459 gratiam
568 2390 649 2457 facit3
672 2390 770 2445 foedus
788 2395 819 2445 et
836 2391 956 2445 amicitia
974 2393 1021 2445 da-

170 2467 272 2521 buntur
273 2484 376 2536 ,quum
388 2466 541 2521 meruerit?

223 2549 279 2598 105.
316 2544 383 2608 Quis
408 2542 489 2597 rebus
513 2543 628 2610 cognitis
654 2543 778 2598 Bocchus
800 2561 851 2614 per
873 2514 982 2598 litteras
1005 2561 1022 2597 a

171 2619 258 2672 Mario
272 2619 371 2687 petivit
381 2619 424 2672 uti
440 2618 542 2672 Sullam
553 2618 590 2672 ad
607 2635 636 2672 se
651 2618 784 2685 mitteret,
796 2618 874 2687 cujus
886 2618 1022 2672 arbitratu

171 2693 206 2747 de
224 2694 411 2748 communibus
431 2694 546 2761 negotiis
565 2693 760 2748 consuleretur.
797 2694 826 2747 Is
845 2692 942 2746 missus
960 2709 1021 2746 cum

170 2770 307 2837 praesidio
320 2769 442 2839 equitum
459 2773 542 2837 atque
558 2768 691 2837 peditum,
698 2769 769 2822 'item
785 2767 953 2821 funditorum
969 2767 1022 2821 Ba-

170 2845 300 2911 learium;
333 2849 477 2915 praeterea
501 2844 559 2898 iere
583 2844 718 2912 sagittarii
739 2846 769 2897 et
793 2843 887 2897 cohors
909 2842 1022 2910 Peligna

170 2936 232 2972 cum
245 2919 403 2974 velitaribus
419 2919 502 2973 armis
516 2919 623 2973 itineris
639 2918 803 2986 properandi
819 2933 922 2985 caussa,
933 2934 1023 2984 neque

170 2993 213 3048 his
224 3011 302 3049 secus
314 2998 398 3063 atquc
410 2994 471 3046 aliis
485 2994 568 3047 armis
580 2994 725 3046 advorsum
738 2992 794 3045 tela
808 2992 935 3059 hostium,
949 2992 1023 3059 quod

171 3086 205 3123 ea
222 3070 293 3124 levia
311 3074 382 3134 aunt,
402 3068 509 3121 muniti.
544 3068 601 3123 Sed
620 3067 648 3120 iu
668 3066 767 3120 itincre
789 3065 884 3133 quinto
905 3066 1023 3132 denique

171 3145 217 3199 die
237 3145 328 3199 Volux
347 3144 420 3197 filius
440 3142 542 3196 Bocchi
561 3142 677 3209 repente
697 3139 725 3192 in
743 3138 846 3208 campis
865 3138 1024 3208 patentibus
