2275 3425
464 160 672 209 Jucuarrra
703 136 706 142 ’
932 188 939 206 .
964 160 995 210 er
1036 154 1044 169 ·

146 240 197 294 tris
214 239 343 309 habebat,
354 241 406 295 nisi
424 257 509 309 quum
526 240 594 293 odos
611 243 660 294 aut
676 239 769 309 pabuli
787 243 895 309 egestas
909 241 997 294 locuni

59 362 61 370 ,
146 319 253 370 mutare
272 317 424 383 subegerat.
462 317 518 370 Sed
536 333 626 384 neque
644 317 838 371 muniebantur
858 334 891 371 ea
907 334 998 385 nequa

146 409 222 446 more
234 393 345 446 militari
359 394 467 461 vigiliae
479 393 686 447 deducebantur
693 416 699 459 ;
714 396 756 448 uti
774 395 871 462 cuique
885 393 998 446 lubebat

146 469 181 522 ab
197 470 280 536 siguis
296 469 392 524 aberat
400 491 407 535 ;
421 470 493 524 lixae
508 470 639 538 permixti
651 487 713 523 cunr
728 470 861 525 militibus
876 470 921 523 die
935 486 997 522 noc-

145 547 230 613 tuque
246 546 431 614 vagabantur3
444 546 569 616 palantes
585 562 665 613 agros
676 552 791 614 vastare,
805 547 883 600 villas
895 563 997 613 expug-

146 638 219 690 nare,
236 624 342 692 pecoris
357 626 389 677 et
405 623 601 692 mancipiorum
618 623 735 691 praedas
752 627 889 677 certantes
907 639 997 690 agere,

146 715 232 766 eaque
243 705 350 753 mutare
365 717 427 754 oum
443 699 640 753 mercatoribus
653 700 715 752 vino
734 699 882 753 advectitio
895 702 924 752 et
937 699 997 751 aliis
1048 731 1054 739 -

145 776 260 841 talibus;
276 781 422 845 praeterea
439 776 607 830 frumentum
625 775 733 844 publice
753 776 855 830 datum·
869 776 997 842 vendere,

145 869 242 920 panem
259 852 287 905 iu
303 852 362 906 dies
378 853 509 917 nrercari3
524 857 670 921 postremo,
687 869 864 921 quaecunque
881 852 934 906 dici
948 856 997 906 aut

112 938 115 944 ·
145 927 211 996 fingi
224 932 326 997 quermt
342 929 466 996 ignaviae
482 928 661 997 luxuriaeque
674 928 783 997 probra,
799 944 832 982 ea
845 929 874 980 in
887 928 934 982 illo
951 945 997 982 ex-

144 1005 232 1058 ercitu
243 1007 342 1057 erxncta
352 1005 430 1058 fuere
442 1009 471 1059 et
483 1005 536 1058 alia
547 1005 669 1072 anaplius.

181 1086 237 1151 aa.
267 1079 323 1135 Sed
332 1081 359 1133 in
372 1098 405 1134 ea
416 1081 578 1150 difficultate
590 1080 732 1134 Metellum
745 1098 798 1134 non
814 1081 903 1134 minus
915 1097 997 1148 quam

144 1157 172 1210 in
190 1157 272 1210 rebus
288 1156 432 1211 hostilibus
449 1174 580 1225 magnum
596 1161 625 1211 et
642 1157 791 1225 sapientem
806 1158 895 1209 virum
913 1156 998 1210 fuisse

144 1233 303 1301 comperior,
319 1237 398 1287 tanta
415 1233 597 1301 temperantia
608 1233 681 1286 iuter
698 1233 874 1286 ambitionem
890 1233 998 1286 saeviti-

144 1326 243 1378 amque
260 1309 450 1374 moderatum3
465 1308 691 1376 namque‘edioto
706 1308 825 1377 primum
839 1308 998 1376 adjumenta

144 1385 269 1452 ignaviae
287 1385 438 1450 sustulisse,
456 1401 490 1437 ne
508 1385 652 1452 quisquam
670 1384 698 1436 iu
718 1384 816 1437 castris
833 1400 930 1452 panem
949 1389 998 1439 aut

145 1477 227 1530 quem
240 1461 322 1513 alium
337 1466 444 1514 coctum
456 1460 547 1513 eibum
563 1459 702 1524 venderet,
717 1476 752 1512 ue
763 1459 834 1513 lixae
847 1456 997 1514 exercitum

145 1539 334 1605 sequerentur,
351 1553 386 1589 ne
404 1536 482 1589 miles
500 1536 643 1603 gregarius
660 1535 689 1588 in
708 1536 804 1589 castris
822 1553 891 1590 neve
908 1536 935 1589 iu
953 1554 999 1605 ag-

145 1613 345 1673 mineserrum
363 1616 412 1665 aut
424 1611 582 1679 jumentum
599 1610 713 1664 haberet
722 1632 729 1676 ;
745 1612 845 1666 ceteris
863 1617 923 1667 arte
941 1630 997 1666 mo

146 1687 213 1741 dum
231 1685 367 1741 statuisse.
405 1687 553 1741 Praeterea
569 1687 731 1741 transvorsis
748 1688 891 1742 itineribus
907 1690 997 1758 quoti-

146 1765 192 1838 die
208 1767 299 1817 castra
314 1781 431 1829 movere,
445 1763 527 1832 juxta
538 1780 570 1817 ac
584 1764 607 1816 si
623 1763 716 1817 hostes
732 1765 860 1819 adessent
874 1766 943 1819 vallo
956 1774 996 1820 at-

145 1857 200 1909 que
219 1840 291 1893 fossa
310 1840 422 1908 munire,
442 1840 547 1908 vigilias
571 1838 681 1893 crebras
701 1857 802 1908 ponere
824 1845 858 1909 et
874 1858 921 1895 eas
938 1843 996 1911 ipse

113 1975 117 1988 ι
145 1933 207 1970 cum
223 1916 322 1984 legatis
337 1917 487 1983 circumire,
499 1917 567 1970 item
585 1916 614 1968 in
628 1916 736 1983 agmine
751 1916 890 1985 inprimis
906 1919 995 1984 modo,

145 1992 226 2045 modo
238 1992 267 2044 iu
278 1992 431 2060 postremis,
445 2009 525 2061 saepe
540 1992 568 2045 in
584 1991 676 2045 medio
688 1991 790 2060 adesse,
806 2010 840 2046 ne
853 1994 996 2062 quisquam

144 2068 241 2122 ordine
259 2069 445 2136 egrederetur,
465 2069 585 2122 uticum
611 2068 694 2135 signis
711 2067 872 2137 frequentes
889 2070 996 2124 incede-

144 2149 213 2208 rent,
231 2144 309 2197 miles
328 2144 419 2198 eibum
435 2147 465 2197 et
481 2160 557 2197 arma
567 2146 699 2212 portaret.
735 2145 780 2198 Ita
795 2145 996 2212 prohibendae

144 2220 253 2274 delictis
277 2220 364 2289 magis
381 2236 464 2289 quam
482 2218 646 2273 vindicando
665 2220 818 2275 exercitum
839 2221 916 2275 brevi
934 2238 997 2276 eou-

144 2296 270 2352 firmavit.

195 2380 237 2428 46.
273 2374 385 2428 Interea
396 2372 543 2441 iugurtha,
555 2371 603 2426 ubi
614 2389 685 2442 quae
702 2373 832 2428 Metellus
848 2373 949 2442 agebat
961 2391 995 2428 ex

143 2451 245 2503 nuntiis
263 2450 374 2519 aceepit,
392 2450 472 2502 simul
487 2448 694 2503 deinnocentia
706 2450 766 2517 ejus
778 2451 878 2504 certior
892 2450 996 2503 Romae

142 2525 239 2593 factus,
257 2526 382 2584 diffidere
398 2525 454 2578 suis
469 2525 552 2578 rebus
564 2541 596 2577 ac
612 2530 672 2580 tum
689 2527 798 2580 demum
810 2543 902 2579 veram
920 2525 996 2578 dodi-

142 2602 245 2655 tionem
261 2602 351 2656 facere
368 2604 481 2655 conatus
496 2605 546 2655 est.
583 2602 674 2670 igitur
690 2601 795 2669 legatos
810 2603 846 2655 ad
858 2601 995 2655 consulem

143 2695 204 2732 eum
226 2678 365 2746 suppliciis
384 2677 478 2744 mittit,
498 2678 545 2746 qui
568 2677 758 2731 tantummodo
777 2678 829 2745 ipsi
846 2677 995 2744 liberisque

143 2755 227 2807 vitam
248 2759 384 2823 peterent,
403 2754 456 2809 alia
475 2754 564 2808 omnia
584 2753 719 2807 dederent
742 2753 843 2821 populo
865 2752 994 2805 Romano.

144 2829 199 2882 Sed
213 2830 326 2883 Metello
339 2830 399 2898 jam
415 2833 496 2883 antea
512 2830 706 2898 experimentis
720 2830 859 2894 cognitum
875 2830 935 2880 erat
951 2844 996 2895 ge

143 2920 194 2958 uus
212 2905 395 2959 Numidarum
413 2905 535 2973 infidum,
553 2905 662 2973 ingenio
683 2903 784 2968 mobili,
804 2918 934 2955 novarum
953 2919 996 2955 re-

142 2996 204 3033 rum
216 2980 326 3034 aridum
340 2998 405 3034 esse.
438 2981 538 3048 Itaque
549 2979 654 3046 legatos
668 2977 750 3039 alium
763 2976 797 3029 ab
810 2976 863 3029 alio
873 2977 995 3029 divorsos

142 3057 310 3125 aggreditur,
324 3074 355 3110 ac
371 3057 501 3125 paulatim
518 3053 688 3121 temptanda
704 3054 850 3119 postquam
865 3055 996 3118 opportu-

140 3149 191 3186 uos
206 3132 282 3203 [sibi]
300 3132 433 3200 cognorit,
448 3129 534 3182 multa
550 3125 702 3198 pollicendo
720 3125 867 3190 persuadet
883 3125 924 3177 uti
943 3125 962 3176 J
964 3141 994 3175 u-

140 3209 270 3278 gurtham
288 3223 415 3262 maxume
430 3205 529 3269 vivum,
545 3203 587 3255 siu
600 3200 631 3253 id
645 3214 743 3267 parum
759 3199 898 3265 procedat,
916 3213 998 3250 neca-
