2275 3425
128 113 159 162 11
375 105 402 154 c.
422 102 597 153 satanam
614 92 730 152 ortissu

129 191 156 242 in
175 189 234 242 loca
251 183 564 252 munitaseserccepit.
597 183 730 238 ⁴Metellus
745 181 846 239 infecto
860 182 979 252 negotio,
1061 180 1064 183 ’

130 268 276 334 postquam
298 278 353 313 nox
372 260 476 326 adorat,
497 260 526 312 in
546 263 638 314 castra
658 276 720 313 cum
742 260 866 314 exercitu
888 262 979 314 revor-

130 341 209 394 titur.

182 421 224 468 59.
251 414 340 480 Igitur
350 416 461 481 postero
474 412 526 478 dio,
536 413 613 480 prius
625 429 706 481 qnam
720 413 756 465 ad
767 412 980 483 oppugnandum

130 491 316 560 egrederetur,
337 488 490 558 equitatum
509 505 617 541 omnem
637 489 665 542 in
680 505 713 541 ea
731 494 817 557 parte,
835 506 889 558 qua
906 489 981 557 regis

130 571 265 625 adventus
276 572 344 636 erat,
356 585 406 638 pro
417 568 516 621 castris
528 568 633 635 agitare
645 566 735 635 jubet,
749 570 844 636 portas
856 570 884 620 et
899 584 981 634 prox-

130 663 194 700 uma
204 647 267 699 loca
280 645 396 699 tribunis
413 644 549 712 dispertit,
566 644 665 696 deinde
680 642 740 712 ipse
753 644 844 711 pergit
856 642 892 696 ad
904 643 980 712 oppi-

131 724 197 776 dum
216 726 300 790 atque
322 726 354 775 nt
374 721 514 789 superiore
533 719 579 773 die
600 736 708 772 murum
729 719 895 788 aggreditur.
934 720 980 771 ln-

131 799 213 852 terim
225 797 244 850 J
246 797 364 865 ugurtha
375 813 410 851 ex
422 796 527 850 occulto
541 800 656 865 repento
672 800 780 850 nostros
795 795 915 858 invadit3
932 795 980 864 qui

131 874 159 925 111
176 890 309 942 proxumo
327 873 408 926 locati
426 873 543 939 fuerant,
558 872 696 940 paulisper
711 872 802 925 territi
817 870 980 941 perturban-

131 953 185 1016 tur,
204 949 303 1017 reliqui
322 949 377 1002 cito
394 948 566 1002 subveniunt.
602 947 700 1018 Neque
720 948 823 1001 diutius
842 946 980 1000 Numidae

132 1025 261 1078 resistere
277 1025 435 1093 quivissent,
451 1025 478 1076 ni
494 1024 603 1093 pedltes
618 1040 679 1076 cum
696 1024 835 1093 equitibus
851 1022 980 1092 permixti

132 1117 259 1169 magnam
270 1101 375 1154 cladem
387 1102 415 1154 in
427 1116 574 1167 congressu
585 1099 721 1165 facerent;
738 1100 837 1169 quibus
851 1098 890 1152 illi
906 1098 980 1163 freti,

133 1193 187 1231 non
205 1181 237 1231 ut
253 1177 375 1244 equestri
392 1176 495 1246 proelio
523 1176 599 1242 solet,
620 1176 705 1243 sequi,
725 1175 789 1229 dein
805 1175 911 1240 cedere,
929 1173 981 1227 sed

134 1253 256 1307 advorsis
283 1255 361 1321 equis
387 1268 555 1313 concurrere,
587 1252 727 1320 implicare
754 1268 786 1305 ac
816 1250 980 1321 perturbare

134 1330 234 1396 aciem3
252 1329 293 1383 ita
308 1328 446 1398 expeditis
464 1327 603 1397 peditibus
622 1328 677 1380 suis
693 1327 779 1382 hostis
795 1325 881 1396 paene
893 1326 981 1381 victos

135 1406 208 1460 dare.

186 1488 226 1537 60.
263 1481 366 1536 Eodem
384 1483 508 1548 tempore
523 1478 599 1549 apud
615 1479 724 1533 Zamam
740 1495 838 1546 magna
850 1478 876 1532 vi
894 1483 982 1532 certa·

134 1557 223 1612 batur.
258 1557 314 1611 Ubi
335 1557 449 1625 quisque
468 1555 575 1622 legatus
593 1558 641 1608 aut
659 1555 786 1608 tribunus
807 1553 926 1619 curabat,
947 1550 981 1608 e'o

135 1650 274 1687 acerrume
292 1632 344 1686 niti
363 1649 451 1699 neque
469 1631 539 1684 alius
556 1632 584 1683 in
600 1631 653 1683 alio
671 1631 758 1697 magis
775 1646 857 1698 quam
875 1631 902 1683 in
920 1647 982 1685 sese

136 1726 211 1779 spem
229 1708 344 1773 habere3
371 1708 528 1777 pariterque
547 1705 677 1777 oppidani
701 1723 797 1774 agere;
823 1713 981 1776 oppugnare

136 1789 184 1839 aut
197 1801 295 1855 parare
310 1784 434 1837 omnibus
451 1783 532 1850 locis;
555 1782 660 1836 avidius
676 1782 756 1836 alteri
777 1782 878 1837 alteros
896 1782 981 1837 sauci-

136 1878 182 1915 are
201 1878 282 1929 quam
300 1863 387 1914 semet
402 1863 514 1927 tegere3
532 1859 633 1913 clamor
649 1858 803 1928 permixtus
816 1857 981 1927 hortatione,

136 1937 248 2006 laetitia,
271 1936 390 2004 gemitu;
414 1936 481 1988 item
499 1935 632 2004 strepitus
655 1951 792 1987 armornm
816 1935 852 1988 ad
876 1935 981 1988 eoelum

135 2014 214 2078 ferri;
238 2012 294 2066 tela
311 2013 449 2079 utrimque
467 2011 565 2064 volare.
603 2009 659 2063 Sed
679 2010 725 2076 illi,
747 2011 794 2078 qui
812 2012 917 2064 moenia
935 2010 982 2064 de

134 2089 286 2152 fensabant,
297 2087 344 2140 ubi
358 2088 450 2140 hostes
461 2087 573 2155 paulum
584 2085 665 2139 modo
681 2102 800 2155 pugnam
812 2087 981 2155 remiserant,

136 2165 234 2218 intenti
248 2164 381 2233 proelium
395 2167 523 2231 equestre
537 2162 751 2231 prospectabant
758 2182 765 2227 ;
782 2178 834 2226 eos,
845 2164 886 2216 uti
900 2180 981 2231 quao-

135 2258 189 2311 que
210 2238 365 2308 Jugurthae
385 2255 430 2291 res
449 2242 536 2302 erant,
556 2239 644 2291 laetos
663 2238 751 2304 modo,
768 2238 850 2292 modo
869 2239 982 2306 pavidos

136 2316 375 2380 animadverteres,
396 2331 434 2377 ac,
457 2314 536 2367 sicuti
558 2313 647 2367 audiri
664 2330 681 2367 a
696 2313 752 2368 suis
769 2318 817 2367 aut
833 2317 906 2369 cerni
921 2329 982 2384 pos-

136 2396 204 2454 sent,
219 2407 329 2445 monere
341 2390 395 2457 alii,
407 2389 452 2443 alii
467 2389 578 2458 hortari,
594 2392 643 2443 aut
662 2406 744 2442 manu
758 2390 917 2458 significare,
934 2395 982 2445 aut

136 2469 186 2522 niti
202 2465 369 2536 corporibus,
384 2470 414 2520 et
428 2483 461 2519 ea
479 2465 531 2519 huc
551 2469 582 2519 ot
601 2466 665 2520 illuc
681 2466 757 2534 quasi
775 2467 916 2520 vitabundi
935 2470 983 2522 aut

131 2545 267 2613 jacientes
283 2543 340 2595 tela
357 2543 469 2610 agitare.
507 2541 588 2605 Quod
604 2541 651 2595 ubi
670 2541 758 2595 Mario
776 2542 913 2610 cognitum
932 2545 983 2610 est,

135 2638 198 2674 nam
216 2620 240 2673 is
258 2620 286 2673 in
304 2636 337 2672 ea
360 2622 439 2687 parte
464 2617 585 2686 curabat,
609 2617 731 2671 consulto
749 2618 837 2672 lenius
854 2634 935 2686 agere
952 2634 984 2672 ac

136 2696 316 2750 diffidentiam
334 2695 375 2748 rei
393 2695 536 2759 simulare3
560 2694 618 2763 pati
637 2693 771 2747 Numidas
789 2695 846 2748 sine
864 2694 985 2748 tumultu

136 2774 209 2841 regis
226 2772 359 2841 proelium
372 2771 467 2824 visere.
503 2770 549 2823 Ita
566 2769 621 2822 illis
637 2770 728 2823 studio
743 2786 854 2823 suorum
866 2770 985 2824 astrictis

136 2852 251 2918 repente
259 2847 390 2915 magnavi
398 2863 505 2900 murum
514 2845 682 2914 aggreditur,
690 2846 786 2914 etjam
796 2847 874 2900 scalis
883 2846 986 2914 egrossi

137 2925 238 2978 milites
255 2941 340 2992 prope
359 2940 464 2977 summa
482 2925 619 2990 ceperant,
634 2938 718 2989 quum
735 2922 863 2990 oppidani
878 2938 987 2976 concur-

136 3003 209 3065 runt,
217 2998 331 3067 lapides,
339 3000 438 3067 ignem,
446 2999 499 3052 alia
510 3000 655 3066 praeterea
665 2999 722 3050 tela
734 2997 871 3065 ingerunt.
890 2998 986 3051 Nostri

137 3074 225 3141 primo
243 3075 387 3137 resistere;
405 3074 513 3139 deinde,
529 3072 578 3126 ubi
589 3090 660 3126 unae
678 3077 763 3141 atquc
781 3073 885 3127 alterae
899 3075 988 3128 scalae

137 3150 326 3216 comminutae,
338 3150 385 3217 qui
402 3152 622 3219 supersteterant
633 3150 725 3203 afflicti
742 3154 813 3217 sunt,
826 3150 989 3220 ceterique
