2275 3425
125 107 157 153 52
377 106 404 153 C.
424 103 597 170 SALLUSTI
615 103 730 165 CRISPI

126 185 163 239 ad
178 185 347 254 «Iugurtham
365 184 401 239 de
418 185 525 254 injuriis
543 190 669 253 questum
689 184 780 250 misit3
803 185 851 254 qui
868 184 979 243 tametsi

126 263 320 317 contumeliosa
334 261 409 315 dicta
426 262 600 329 rettulerant,
616 262 693 330 prius
711 266 803 315 tamen
816 264 906 316 omnia
920 265 978 332 pati

125 338 249 393 decrevit
268 354 349 405 quam
371 337 472 391 bellum
495 355 610 405 sumere,
629 338 693 406 quia
714 340 879 405 temptatum
897 344 979 395 antea

125 431 202 469 accam
214 416 344 468 cesserat.
379 414 478 485 Neque
494 432 526 468 eo
543 415 630 483 magis
645 413 744 482 cupido
757 414 913 482 Jugurthae
928 418 978 470 mi-

126 491 270 557 nuebatur,
292 490 394 558 quippe
415 490 462 558 qui
483 494 573 544 totum
594 489 655 558 ejus
676 507 790 558 regnum
811 491 902 545 animo
917 493 977 561 jam

125 569 269 620 invaserat.
306 566 405 633 Itaque
418 582 472 619 non
483 570 515 619 ut
529 570 612 620 antea
624 583 686 620 cum
698 567 873 635 praedatoria
886 586 976 640 manu,

125 644 175 698 s'ed
191 659 288 711 magno
306 642 429 696 exercitu
441 647 599 711 comparato
615 641 717 696 bellum
732 659 830 711 gerere
844 646 934 714 coepit
947 650 978 700 et

124 724 220 790 aperte
232 720 317 773 totius
330 718 477 771 Numidiae
489 719 634 786 imperium
647 722 751 786 petere.
783 720 911 774 Ceterum
923 739 977 790 qua

124 796 265 866 pergebat,
279 794 364 858 urbis,
379 811 459 862 agros
476 801 593 863 vastare,
606 795 726 863 praedas
742 811 833 864 agere,
849 797 905 851 suis
920 798 977 852 ani-

124 890 205 937 mum,
217 872 342 926 hostibus
353 875 488 925 terrorem
500 887 609 937 augere.

176 956 217 1003 21.
239 946 381 1002 Adherbal
393 946 440 1000 ubi
453 947 589 1014 intellegit
598 964 631 1001 eo
642 964 800 1016 processum
809 949 851 1003 uti
863 966 976 1017 regnum

124 1031 172 1080 aut
184 1024 392 1093 relinquendum
407 1027 481 1077 esset
496 1026 544 1076 aut
562 1024 645 1076 armis
661 1023 843 1092 retinendum,
856 1041 977 1080 neccssa-
1050 1036 1065 1061 0

124 1103 165 1155 rio
177 1103 267 1168 copias
279 1104 358 1169 parat
373 1103 403 1153 et
415 1100 434 1152 J
435 1098 570 1167 ugurthae
583 1097 678 1152 obvius
690 1100 822 1168 procedit.
860 1100 976 1157 Interim

123 1178 197 1232 haud
216 1178 296 1245 longe
317 1193 333 1230 a
353 1176 423 1230 mari
441 1192 527 1243 prope
550 1175 655 1228 Cirtam
677 1175 808 1244 oppidum
832 1177 976 1246 utriusque

124 1254 261 1308 exereitus
272 1252 404 1320 consedit,
417 1256 446 1306 et
459 1252 523 1320 quia
535 1250 581 1304 die
593 1255 747 1305 extremum
759 1254 975 1323 eratprcelium

123 1348 177 1384 non
188 1332 334 1399 inceptum.
370 1328 426 1382 Sed
441 1328 489 1381 ubi
503 1328 665 1397 plerumque
676 1329 764 1381 noctis
775 1329 915 1398 processit,
927 1331 975 1384 ob-

123 1425 202 1462 scum
225 1407 369 1461 etiamtum
389 1405 492 1458 lumine
510 1404 612 1457 milites
632 1403 793 1471 Jugmthini
814 1406 890 1473 signo
908 1406 975 1461 dato

123 1488 212 1539 castra
223 1484 342 1537 hostium
353 1481 500 1546 invadunt3
518 1480 696 1534 semisomnos
704 1480 814 1550 partim,
823 1481 890 1535 alios
899 1498 975 1538 arma

123 1560 255 1614 sumentis
280 1560 377 1627 fugant
402 1557 593 1625 funduntque;
628 1556 772 1610 Adherbal
795 1573 856 1611 cum
879 1559 975 1627 paucis

122 1636 261 1705 equitibus
281 1635 385 1690 Cirtam
406 1632 535 1701 profugit,
556 1635 585 1687 et
604 1633 633 1686 ni
652 1632 800 1686 multitudo
818 1636 974 1702 togatorum

122 1713 227 1781 fuisset,
243 1729 314 1781 quae
330 1709 465 1765 Numidas
481 1708 651 1779 insequentis
667 1708 810 1763 moenibus
825 1710 973 1779 prohibuit,

122 1807 176 1844 unc
192 1791 238 1845 die
254 1791 326 1843 inter
343 1788 411 1842 duos
427 1804 507 1855 reges
524 1791 653 1857 coeptum
665 1790 750 1856 atque
765 1790 905 1857 patratum
917 1788 973 1843 bel-

122 1867 178 1920 lum
190 1867 268 1921 foret.
296 1865 387 1934 Igitur
396 1865 415 1917 J
418 1863 538 1932 ugurtha
549 1863 681 1932 oppidum
693 1862 876 1933 circumsedit,
886 1864 973 1919 vineis

122 1942 300 2011 turribusque
321 1945 350 1995 et
370 1939 502 1994 machinis
522 1938 643 1991 omnium
663 1954 795 2007 genemm
816 1956 973 2008 expugnare

121 2020 290 2087 aggreditur,
306 2033 433 2071 maxume
449 2016 582 2069 festinans
600 2020 709 2083 tempus
727 2015 878 2083 legatorum
896 2018 973 2070 aute-

121 2113 225 2164 capere,
236 2111 303 2162 quos
312 2097 376 2147 ante
385 2092 519 2161 proelium
528 2092 631 2144 factum
641 2089 677 2144 ab
687 2089 846 2145 Adherbale
857 2091 971 2145 Romam

121 2173 216 2226 missos
231 2170 382 2225 audiverat.
417 2168 474 2222 Sed
491 2171 636 2237 postquam
655 2169 766 2221 senatus
784 2165 819 2220 de
837 2165 909 2220 bello
927 2184 972 2221 co
998 2205 1005 2222 1

62 2241 68 2247 ⁸
121 2266 182 2301 rum
198 2245 311 2315 accepit,
322 2249 380 2299 tres
397 2244 587 2297 adulescentes
602 2243 630 2296 in
645 2242 765 2296 Africam
781 2242 908 2311 legantur
924 2243 972 2312 qui

120 2324 214 2378 ambos
232 2338 312 2390 reges
330 2321 438 2389 adeant,
452 2323 563 2374 senatus
581 2319 728 2389 populique
747 2318 863 2372 Romani
880 2319 971 2372 verbis

120 2400 260 2454 nuntient:
279 2397 372 2451 “velle
388 2399 418 2449 et
433 2412 544 2449 censere
559 2413 606 2449 eos
623 2394 658 2449 ab
674 2395 757 2449 armis
774 2395 922 2460 discedere,
935 2395 972 2449 de

120 2474 311 2530 controversiis
323 2473 378 2527 suis
385 2471 451 2540 jure
462 2472 553 2541 potius
565 2487 648 2539 quam
660 2470 732 2525 bello
744 2470 899 2539 disceptare
906 2492 913 2537 ;
930 2471 972 2525 ita

120 2569 203 2622 seque
216 2553 323 2620 illisque
335 2550 448 2617 dignum
460 2548 543 2601 essc.'’

172 2635 211 2683 22.
238 2627 335 2696 Legati
346 2627 375 2678 in
388 2624 511 2677 Africam
523 2627 694 2679 maturantes
705 2624 817 2678 veniunt
829 2639 862 2677 eo
873 2623 969 2692 magis,

119 2706 194 2776 quod
212 2706 322 2773 Romae,
339 2703 405 2756 dum
421 2700 556 2769 proficisci
572 2703 676 2768 parant
689 2700 724 2754 de
739 2700 842 2770 proelio
855 2699 928 2753 facto
940 2702 971 2753 et

119 2783 320 2852 oppugnatione
333 2780 425 2834 Cirtae
439 2775 619 2842 audiebatur;
638 2776 688 2829 sed
704 2776 728 2829 is
744 2792 837 2829 rumor
851 2775 971 2829 clemens

118 2863 186 2914 erat.
223 2858 344 2922 Quorum
367 2854 508 2922 Jugurtha
530 2855 644 2921 accepta
667 2852 790 2905 oratione
813 2850 969 2920 respondit:

118 2935 195 2994 “sibi
213 2951 301 3003 neque
319 2931 408 3000 majus
427 2931 571 3000 quicquam
589 2946 679 2997 neque
697 2927 786 2982 carius
804 2927 971 2982 auctoritate

118 3011 207 3066 senati
219 3026 293 3075 esse;
311 3009 346 3064 ab
359 3006 545 3061 adulescentia
556 3005 597 3058 ita
609 3021 638 3059 se
648 3005 754 3059 enisum
766 3006 798 3058 ut
810 3002 845 3057 ab
857 3007 970 3071 optumo

118 3103 227 3158 quoque
249 3087 427 3154 probaretur;
456 3083 567 3147 virtute,
592 3098 647 3135 non
669 3081 775 3135 malitia
799 3079 829 3133 P.
849 3078 970 3147 Scipioni
1131 3131 1132 3134 ,

118 3178 224 3218 summo
236 3163 293 3215 viro
305 3161 455 3230 placuisse;
472 3156 508 3210 ob
520 3156 631 3210 easdem
646 3158 715 3211 artis
729 3156 764 3209 ab
779 3155 903 3223 Micipsa,
915 3172 970 3211 non
988 3203 997 3232 ,
1122 3139 1132 3200 i
