2275 3425
138 101 169 147 34
385 101 414 150 c.
433 99 606 149 saunusm
624 99 739 148 caiam
768 87 769 90 ’

137 180 230 248 ceteri,
242 181 285 236 uti
298 196 434 250 quemque
445 197 522 235 casus
534 184 695 248 armaverat,
708 185 802 250 sparos
813 182 862 234 aut
873 180 988 249 lanceas,

137 255 182 307 alii
201 259 363 323 praeacutas
380 256 455 311 sudis
474 256 627 325 portabant.
666 256 721 309 Sed
739 259 884 325 postquam
902 260 988 311 Anto

137 331 198 384 nius
214 348 276 385 cum
290 331 415 385 exercitu
430 331 605 398 adventabat,
622 331 741 385 Catilina
752 349 802 401 per
817 332 918 386 montis
932 334 987 387 iter

137 406 234 474 lacere,
250 407 333 460 modo
348 407 385 461 ad
401 407 506 475 urbem,
523 408 604 460 modo
616 408 643 460 in
656 407 772 461 Galliam
784 424 880 462 vorsus
896 412 986 463 castra

137 498 255 549 movere,
264 482 390 537 hostibus
396 484 563 537 occasionem
575 483 714 552 pugnandi
726 500 779 537 non
791 484 857 537 dare
868 504 875 549 ;
893 500 985 553 spera-

137 556 186 610 bat
201 557 361 627 propediem
373 576 485 627 magnas
496 559 589 629 copias
601 576 662 613 sese
673 559 838 622 habiturum,
848 560 870 613 si
881 560 985 614 Rome

137 633 202 685 socii
216 633 325 701 incepta
338 637 529 702 patravissent.
566 635 678 688 Interea
690 635 802 688 servitia
812 635 984 703 repudiabat,

137 709 215 776 cujus
227 709 304 763 initio
316 711 352 764 ad
364 728 426 765 eum
438 728 553 779 magnae
565 712 659 780 copiae
670 711 877 778 concurrebant,
887 711 985 781 opibus

137 785 331 853 conjurationis
345 788 440 854 fretus,
455 787 534 841 simul
549 788 669 840 alienum
681 787 737 840 suis
752 788 903 841 rationibus
915 788 985 841 exis·

136 866 245 915 tumaus
258 862 345 916 videri
361 880 483 917 caussam
497 864 596 917 civium
608 879 670 917 cum
682 863 768 916 servis
778 863 901 931 fugitivis
912 880 985 918 com-

136 936 322 993 municavisse

189 1016 230 1071 57.
259 1015 314 1068 Sed
325 1015 490 1083 postquam
481 1032 511 1068 in
522 1017 613 1068 castra
624 1014 736 1069 nuntius
744 1016 871 1084 pervenit
881 1016 985 1069 Romae

137 1089 351 1158 conjurationem
367 1090 539 1157 patefactam,
553 1089 589 1143 de
604 1090 721 1144 Lentulo
733 1096 763 1145 et
775 1091 897 1159 Cethego
912 1095 985 1146 cete

137 1165 229 1233 risque
241 1183 308 1234 quos
320 1183 403 1234 supra
413 1182 561 1219 memoravi
554 1166 735 1235 supplicium
748 1171 893 1236 sumptum,
903 1168 984 1236 pleri-

138 1258 197 1310 que,
206 1258 272 1310 quos
284 1241 321 1295 ad
332 1241 434 1295 bellum
447 1258 508 1310 spes
520 1242 678 1309 rapinamm
690 1244 739 1296 aut
750 1259 881 1296 novarum
892 1260 984 1297 rerum

138 1317 257 1371 studium
266 1317 400 1385 illexerat,
410 1317 534 1370 dilabunt
522 1321 583 1382 tur;
594 1317 714 1386 reliquos
725 1318 776 1373 Cat
764 1318 842 1372 tilina
850 1336 900 1387 per
909 1337 984 1392 mon·

137 1395 174 1448 tis
186 1412 296 1465 asperos
307 1394 412 1463 magnis
427 1393 571 1448 itineribus
583 1395 611 1447 in
622 1411 718 1461 agmm
731 1395 925 1449 Pistoriensem
937 1397 985 1450 ab

138 1470 220 1537 ducit,
233 1487 265 1524 eo
278 1471 389 1525 consilio
400 1471 442 1524 uti
458 1487 508 1537 per
524 1471 651 1524 tramites
667 1471 772 1525 occulte
787 1472 945 1540 perfugeret
956 1473 984 1527 in

138 1547 253 1600 Galliam
273 1546 484 1615 Transalpinam.
520 1548 561 1600 At
579 1547 609 1611 Q.
622 1546 751 1601 Metellus
767 1547 846 1601 Celer
859 1564 920 1602 cum
936 1550 985 1603 tri-

138 1621 188 1675 bus
206 1622 356 1690 legionibus
375 1623 403 1675 in
417 1639 482 1690 agro
499 1622 600 1676 Piceno
614 1622 796 1690 praesidebat,
815 1641 850 1677 ex
871 1624 984 1678 difficul-

137 1701 195 1752 tate
209 1715 301 1752 rerum
320 1698 416 1753 eadem
432 1698 478 1752 illa
493 1698 660 1752 existvunans
677 1716 747 1766 quae
763 1716 845 1768 supra
859 1700 984 1756 diximus
1066 1762 1069 1768 ⁸
1127 1729 1132 1745 ι

138 1773 282 1828 Catilinam
303 1776 415 1843 agitare.
460 1775 551 1841 Igitur
574 1773 621 1827 ubi
642 1775 696 1828 iter
719 1774 780 1843 ejus
804 1792 839 1829 ex
862 1778 984 1846 perfugis

136 1852 267 1918 cognovit,
286 1856 376 1904 castra
396 1866 513 1920 propere
531 1853 623 1904 movet
642 1867 674 1904 ac
694 1851 746 1904 sub
761 1852 828 1920 ipsis
847 1853 984 1908 radicibus

136 1927 269 1980 montium
287 1926 418 1993 consedit,
438 1941 492 1993 qua
511 1925 551 1978 illi
572 1925 720 1979 descensus
740 1931 800 1981 erat
819 1928 848 1981 in
867 1928 984 1982 Calliam

135 2002 299 2071 properanti.
336 2002 434 2070 Neque
450 2005 542 2054 tamen
560 2003 697 2055 Antonius
713 2003 808 2071 procul
823 2003 928 2072 aberat,
940 2009 984 2059 ut-

58 2081 65 2090 ·
136 2084 201 2147 pote
213 2079 260 2146 qui
272 2095 370 2145 magno
387 2078 511 2131 exercitu
524 2077 592 2131 locis
608 2078 781 2147 aequioribus
797 2080 944 2148 expeditus
955 2081 984 2134 in

135 2154 201 2222 fuga
221 2158 389 2222 sequeretur.
426 2152 481 2207 Sed
499 2152 617 2206 Catilina
634 2157 779 2222 postquam
796 2154 872 2209 videt
887 2157 984 2210 monti-

135 2229 187 2283 bus
209 2234 292 2298 atque
315 2230 399 2299 copiis
422 2228 540 2282 hostium
563 2245 624 2282 sese
647 2229 775 2297 clausum,
797 2231 826 2283 in
846 2231 915 2285 urbe
938 2248 984 2287 res

135 2306 272 2372 advorsae,
287 2321 377 2373 neque
396 2306 478 2372 fugae
497 2320 587 2372 neque
598 2304 718 2372 praesidi
735 2306 818 2359 ullam
835 2324 918 2376 spem,
935 2324 984 2376 op-

135 2388 241 2436 tumum
257 2380 312 2434 fact
300 2384 332 2434 tu
350 2384 394 2434 rat
382 2380 470 2434 tinus
488 2380 537 2433 tali
552 2397 583 2433 re
599 2381 738 2434 fortunam
754 2381 819 2435 belli
836 2386 983 2451 temptare,

135 2457 234 2511 statuit
249 2473 311 2510 cum
324 2458 445 2510 Antonio
461 2473 542 2525 quam
559 2457 676 2525 primum
694 2458 856 2525 confligere.
883 2460 984 2529 Itaque

135 2534 260 2587 contione
271 2532 403 2587 advocata
413 2533 602 2602 hujuscemodi
614 2534 763 2586 orationem
775 2534 879 2589 habuit

154 2600 228 2664 '‘58.
249 2608 451 2678 “Compertum
463 2626 514 2677 ego
526 2607 622 2676 habeo,
635 2609 744 2677 milites,
756 2608 840 2664 verba
850 2611 983 2665 virtutem

135 2702 188 2738 non
200 2685 310 2752 addere,
324 2701 413 2754 neque
422 2701 456 2738 ex
469 2686 566 2753 ignavo
580 2689 721 2739 strenuum
732 2702 823 2754 neque
833 2686 934 2740 fortem
947 2703 983 2740 ex

135 2761 231 2815 timido
252 2762 402 2815 exercitum
423 2763 545 2816 oratione
566 2762 740 2831 imperatris
763 2762 831 2816 lieri.
873 2762 984 2826 Qimnta

56 2874 58 2877 -
134 2837 267 2907 cujusque
279 2839 368 2892 animo
380 2838 494 2892 audacia
509 2841 609 2892 natura
619 2841 667 2891 aut
679 2837 801 2892 moribus
812 2838 892 2906 inest,
904 2841 984 2892 tanta

134 2914 163 2966 in
175 2914 246 2968 bello
258 2918 355 2984 patere
367 2915 436 2969 solet
447 2935 453 2979 ;
472 2930 553 2982 quem
565 2931 654 2983 neque
665 2914 753 2982 gloria
764 2930 852 2983 neque
864 2913 985 2982 pericula

135 2991 264 3053 excitant,
276 2991 456 3060 nequicquam
468 2990 596 3056 hortere;
614 2990 696 3043 timor
708 2990 790 3042 animi
802 2990 915 3043 auribus
927 2990 984 3042 offi-

135 3065 180 3119 cit.
216 3066 272 3120 Sea
289 3083 340 3134 ego
352 3083 400 3120 vos
417 3082 472 3135 quo
489 3082 577 3135 pauca
594 3081 730 3118 monerem
749 3065 884 3132 advocavi,
903 3065 983 3119 simul

135 3140 176 3194 uti
204 3157 326 3196 caussam
353 3141 408 3195 mei
432 3139 528 3195 consili
556 3140 698 3208 aperirem.
742 3139 825 3196 Scitis
847 3140 984 3208 equidem,
