2275 3425
144 129 158 174 8
394 127 421 174 C.
440 123 615 173 SALLUSTI
633 124 750 172 CRISPI

144 208 214 260 Nam
235 207 276 260 uti
297 205 431 273 cujusque
452 204 574 257 studium
599 221 634 256 ex
657 208 750 257 aetate
773 204 914 272 flagrabat,
935 204 995 258 aliis

144 285 234 335 scorta
246 279 386 349 praebere,
398 279 459 333 aliis
471 296 552 333 canes
563 282 649 347 atque
660 296 746 348 equos
758 280 880 346 mercari,
892 283 996 348 postte

143 374 188 411 mo
205 374 293 425 nequo
306 356 428 425 sumptui
444 372 534 424 neque
551 355 704 409 modestiae
718 372 784 409 suae
795 372 916 426 parcere,
928 356 995 409 dum

143 433 204 487 illos
225 433 354 487 obnoxios
376 431 501 500 fidosque
522 430 575 484 sibi
596 432 705 486 iaceret.
746 433 807 487 Scio
827 432 911 486 baisse
931 448 995 485 non-

143 510 231 563 nullos
245 510 295 585 ¹qui
312 509 352 562 ita
370 508 578 572 existumarent,
592 507 776 576 juventutem,
795 525 865 577 quae
883 508 995 561 domum

144 586 276 639 Catilinae
288 583 491 653 frequentabat,
503 600 602 653 parum
613 585 729 638 honeste
740 583 900 652 pudicitiam
912 582 995 636 habu*-

143 659 212 727 isse;
230 661 279 714 sed
293 677 327 714 ex
342 660 403 713 aliis
417 659 500 713 rebus
515 660 603 726 magis
615 676 697 728 quam
713 659 787 727 quod
804 660 929 728 amquam
943 658 995 728 [id]

143 740 314 807 compertum
326 736 398 790 ioret
410 736 476 790 haec
488 736 561 789 fama
573 735 689 789 valebat.

197 820 236 867 15.
266 813 285 867 J
287 829 331 867 am
344 812 461 882 primum
475 812 636 865 adulescens
649 811 768 884 Catilina
779 810 866 865 multa
878 811 995 864 nefanda

143 893 241 960 stupra
252 890 363 957 fecerat,
370 905 433 942 cum
442 887 548 955 virgine
560 888 652 955 nobili,
660 904 722 941 oum
734 886 878 941 sacerdote
885 887 994 948 Vestae,

143 967 197 1019 alia
214 965 403 1034 hujuscemodi
421 970 517 1019 eontra
532 963 580 1032 jus
599 965 702 1033 fasque.
738 963 880 1016 Postremo
899 967 995 1031 captus

143 1060 236 1097 amore
251 1042 382 1096 Aureliae
399 1041 553 1108 Orestillae,
570 1039 650 1108 cujus
666 1043 779 1109 praeter
796 1040 911 1093 sormam
928 1039 994 1093 nihil

143 1136 273 1186 umquam
289 1118 377 1172 bonus
391 1118 522 1184 laudavit,
534 1117 609 1186 quod
622 1133 655 1171 ea
666 1115 772 1169 nubere
785 1115 825 1168 illi
841 1114 993 1182 dubitabat,

116 1239 119 1243 Α
143 1194 244 1249 timens
259 1195 414 1263 privignum
431 1192 525 1247 adulta
541 1197 641 1260 aetate,
653 1209 704 1261 pro
720 1195 796 1245 certo
810 1190 932 1245 creditur
947 1208 995 1244 ne-

143 1274 205 1325 cato
217 1271 272 1324 filio
285 1285 397 1325 vacuam
410 1270 521 1323 domum
533 1267 657 1322 scelestis
669 1267 773 1337 nuptiis
784 1267 888 1321 iecisse.
919 1266 994 1330 Quae

144 1347 255 1415 quidem
266 1363 311 1401 res
324 1346 390 1400 mihi
401 1347 430 1399 in
442 1346 538 1415 primis
550 1345 661 1398 videtur
670 1360 766 1397 caussa
776 1343 858 1406 iusisse
869 1343 995 1397 facinoris
1090 1348 1093 1354 '

143 1423 307 1477 maturandi.
332 1423 459 1490 Namque
470 1423 578 1474 enimus
589 1422 721 1490 impurus,
731 1419 775 1473 dis
787 1419 994 1488 hominibusque

143 1499 267 1568 infestus,
280 1515 370 1568 neque
383 1497 483 1566 vigiliis
499 1514 589 1566 neque
598 1496 745 1565 vquietibus
761 1494 852 1549 sedari
869 1498 994 1563 poterat3

143 1575 183 1630 ita
199 1576 364 1630 conscientia
379 1577 500 1628 mentem
516 1573 633 1626 excitam
646 1570 780 1625 vastabat.
816 1571 908 1639 Igitur
921 1571 994 1624 colos

144 1651 295 1720 exsanguis,
314 1650 387 1704 foedi
405 1649 483 1717 oculi,
500 1650 570 1702 citus
588 1647 677 1716 modo,
695 1648 777 1701 modo
795 1647 891 1701 tardus
909 1646 994 1700 incos-

144 1743 205 1794 sus;
220 1745 335 1797 prorsus
346 1729 374 1781 in
387 1726 455 1780 faeie
467 1726 598 1793 voltuque
610 1724 737 1778 vecordia
748 1724 844 1777 inerat.

198 1810 237 1859 16.
273 1803 330 1857 Sed
342 1803 524 1871 juventutem,
536 1817 628 1868 quam,
640 1804 672 1853 ut
685 1816 767 1869 supra
779 1799 905 1861 diximus,
917 1799 995 1853 illex-

144 1884 212 1948 erat,
233 1879 328 1933 multis
351 1877 439 1931 modis
462 1876 535 1929 mala
557 1877 678 1929 facinora
698 1874 839 1929 edocebat.
875 1875 917 1927 Ex
940 1874 995 1928 illis

144 1957 223 2010 testis
240 1955 446 2023 signatoresque
457 1951 540 2005 ialsos
552 1951 740 2016 commodare;
757 1949 849 2017 fidem,
861 1951 994 2019 fortunas,

143 2031 264 2099 pericula
284 2030 348 2083 vilia
372 2027 482 2095 habere,
507 2031 577 2096 post,
598 2027 646 2080 ubi
667 2043 761 2080 eorum
784 2026 884 2080 famam
909 2032 994 2095 atque

143 2107 277 2175 pudorem
296 2105 448 2170 attriverat,
468 2103 574 2171 majora
592 2103 645 2156 alia
663 2102 830 2171 imperabat3
856 2103 880 2155 si
900 2119 995 2157 caussa

143 2181 273 2252 peccandi
288 2182 316 2235 in
328 2197 459 2252 praesens
472 2179 561 2232 minus
574 2178 746 2248 suppetebat,
757 2178 842 2232 nihilo
852 2179 942 2232 minus
954 2180 994 2232 in-

144 2259 230 2312 sontis
247 2257 328 2312 sicuti
344 2255 431 2315 sontis
448 2255 654 2323 circumvenire,
666 2254 809 2323 jugulare3
832 2255 943 2323 scilicet,
959 2273 994 2309 ne

143 2351 193 2404 per
216 2334 303 2389 otium
326 2335 515 2401 torpescerent
540 2348 637 2384 manus
662 2335 711 2384 aut
737 2331 850 2397 animus,
872 2332 994 2400 gratuito

144 2411 235 2480 [totins
250 2410 337 2464 malus
353 2412 436 2477 atque
449 2407 568 2461 uudelis
580 2411 650 2463 erat.
687 2408 738 2461 His
754 2408 848 2461 amicis
859 2407 993 2477 sociisque

143 2487 261 2541 conlisus
282 2484 407 2551 Catilina,
426 2484 510 2538 >simul
531 2483 606 2552 quod
628 2501 675 2538 aes
695 2483 812 2537 alienum
836 2500 886 2553 per
906 2485 993 2537 ononis

145 2566 234 2616 terras
245 2562 342 2629 ingens
353 2563 422 2625 erat,
434 2563 464 2614 et
476 2559 550 2629 quod
564 2560 688 2628 plerique
702 2558 805 2613 Sullani
820 2560 928 2628 milites,
940 2560 992 2613 lar-

143 2639 204 2706 gius
224 2655 273 2692 suo
291 2638 341 2704 usi,
360 2638 517 2706 rapinarum
537 2640 567 2689 et
588 2636 717 2689 natoriae
729 2635 839 2707 ⁴veteris
859 2653 992 2689 memores

144 2714 222 2768 civile
233 2713 336 2768 bellum
348 2711 522 2781 exoptabant,
535 2711 733 2780 opprimundae
744 2712 784 2764 rei
797 2711 920 2780 publicae
932 2729 993 2766 con-

145 2791 233 2844 silium
248 2790 328 2859 cepit.
365 2787 494 2842 initalia
509 2788 600 2841 nullus
615 2788 766 2851 exercitns3
785 2789 832 2840 Cn.
848 2787 992 2857 Pompeius

144 2867 172 2920 in
185 2868 316 2921 extremis
331 2866 414 2920 terris
429 2864 530 2918 bellum
546 2863 676 2931 gerebat3
693 2863 745 2933 ipsi
762 2863 931 2917 consulatum
945 2881 992 2933 pe

120 2964 124 2971 ⁴
144 2944 214 2998 tenti
231 2960 330 3012 magna
347 2958 425 3012 spes;
450 2944 561 2995 senatus
581 2939 649 2993 nihil
669 2956 734 2993 sane
752 2940 889 3006 intentus3
913 2943 992 2994 tntae

144 3019 362 3088 tranquillaeque
382 3034 427 3072 ros
448 3033 557 3081 omnes;
583 3015 633 3069 sed
653 3031 687 3069 ea
706 3031 818 3086 prorsus
838 3021 992 3086 opportuna

146 3094 284 3150 Catilinae.

199 3176 237 3228 17.
273 3173 362 3240 igitur
379 3172 487 3226 circiter
506 3168 646 3224 Kalendas
660 3169 767 3239 lunias,
788 3171 817 3225 li.
829 3173 945 3225 t'aesare
962 3175 991 3225 et
