2275 3425
482 145 690 195 JUGURTHA.
947 183 950 187 ,
980 138 1007 191 51

161 222 221 277 aliis
239 238 370 277 novarum
387 240 479 278 rerum
498 224 593 292 avidis,
615 223 780 293 Hipponem,
802 224 1013 290 Hadrumetum,

162 299 272 369 Leptim
289 300 409 368 aliasque
421 300 497 353 urbis
514 300 542 353 in
558 317 607 355 ora
622 301 768 353 marituma
779 300 935 368 condidere,
948 301 1012 354 hao-

162 394 215 445 que
226 377 303 431 brevi
317 379 433 431 multum
446 381 547 446 suetae,
560 395 624 446 pars
636 377 786 446 originibus
798 377 853 430 suis
865 377 1010 445 praesidio,

161 456 230 509 aliae
249 454 341 509 decori
362 455 445 508 fuere.
480 454 552 507 Nam
574 454 609 508 de
629 454 795 522 Carthagine
814 453 894 507 silere
914 452 1011 506 melius

161 535 228 601 puto
237 547 320 600 quam
333 548 429 601 parurn
439 531 535 593 dicere,
546 532 672 598 quoniam
682 530 734 584 alio
745 547 893 600 properare
902 533 1012 598 tempus

160 612 259 662 monet.
292 608 382 675 Igitur
394 606 431 659 ad
443 606 650 675 Catabathmon,
660 607 705 676 qui
718 607 793 661 locus
805 609 963 676 Aegyptum
976 604 1012 679 ab

161 684 257 737 Africa
271 683 378 752 dividit,
396 683 516 737 secumdo
532 683 601 736 mari
619 683 708 752 prima
723 682 828 750 Cyrene
844 686 895 749 est,
908 682 1011 735 colonia

160 759 308 825 Theraeon,
321 777 352 813 ac
369 759 498 829 deinceps
513 759 584 813 dnae
600 759 693 827 Syrtes
708 760 834 828 interque
849 775 895 812 eas
908 758 1010 826 Leptis,

160 834 261 890 deinde
280 836 427 890 Philaenon
445 840 520 904 arae,
535 853 616 905 quem
634 835 723 889 locum
740 838 897 903 Aegyptum
915 851 1011 887 vorsus

159 912 242 965 finem
258 913 356 982 imperi
373 912 493 965 habuere
509 911 754 980 Carthaginienses,
766 914 830 979 post
846 910 915 964 aliae
931 910 1011 963 Puni-

159 1003 206 1041 cae
218 978 306 1042 urbes.
333 989 433 1042 Cetera
444 989 504 1042 loca
514 988 648 1057 usquead
660 987 860 1041 Mauretaniam
873 986 1010 1039 Numidae

79 1048 89 1071 '
158 1066 270 1130 tenent3
287 1081 419 1133 proxume
432 1065 594 1134 Hispaniam
607 1064 697 1117 Mauri
710 1066 781 1116 sunt.
813 1063 902 1131 Super
914 1063 939 1114 N
941 1063 1010 1115 unri-

159 1138 232 1193 diam
251 1141 382 1195 Gaetulos
400 1142 553 1211 accepimus
573 1139 673 1208 partim
692 1139 720 1192 in
741 1140 866 1207 tuguriis,
884 1138 951 1191 alios
971 1138 1010 1190 in-

157 1217 257 1270 cultius
268 1234 350 1285 vagos
364 1217 477 1285 agitare,
491 1219 553 1284 post
568 1232 614 1269 cos
629 1215 780 1284 Aethiopas
792 1231 859 1282 esse,
873 1214 937 1268 dein
951 1213 1010 1268 loca

158 1296 257 1347 exusta
274 1293 338 1346 solis
355 1292 505 1346 ardoribus.
542 1292 633 1360 Igitur
648 1291 720 1345 bello
736 1290 904 1358 Jugurthino
920 1290 1009 1359 plera-

158 1383 212 1436 que
230 1385 264 1423 ex
283 1368 392 1422 Punicis
407 1367 509 1437 oppida
526 1370 556 1421 et
573 1367 636 1419 finis
651 1366 925 1434 Carthaginiensium,
941 1381 1009 1432 quos

157 1444 312 1499 novissume
320 1444 482 1510 habuerant,
491 1443 609 1512 populus
619 1442 758 1495 Romanus
770 1458 821 1511 per
833 1441 1009 1508 magistratus

157 1519 382 1586 administrabat;
408 1519 586 1574 Gaetulorum
609 1534 708 1586 magna
730 1534 794 1586 pars
818 1520 848 1570 et
872 1516 1008 1570 Numidae

157 1609 244 1664 usque
256 1595 292 1649 ad
304 1596 404 1651 flumen
413 1596 570 1649 Mulucham
583 1595 634 1648 sub
642 1594 659 1648 J
662 1594 781 1662 ugurtha
792 1597 886 1658 erant;
904 1593 1008 1646 Mauris

158 1670 283 1725 omnibus
296 1689 344 1726 rex
354 1671 479 1726 Bocchus
490 1669 675 1740 imperitabat,
684 1673 796 1740 praeter
807 1685 905 1723 nomen
915 1672 1009 1724 cetera

157 1747 269 1815 ignarus
285 1749 378 1818 populi
397 1747 520 1815 Romani,
536 1748 658 1816 itemque
674 1747 752 1800 nobis
767 1762 858 1813 neque
873 1744 945 1799 bello
963 1763 1008 1799 ne·

93 1817 103 1826 ”
157 1841 211 1890 que
225 1841 292 1893 pace
307 1830 386 1878 antea
403 1824 537 1892 cognitus.
574 1823 726 1877 DeAfrioa
741 1822 846 1890 atejus
861 1821 956 1876 incolis
972 1823 1008 1875 ad

156 1900 386 1955 necessitudinem
397 1902 438 1954 rei
450 1902 516 1954 satis
527 1900 639 1954 dictum.

209 1982 249 2029 20.
286 1976 434 2044 Postquam
447 1976 532 2030 diviso
544 1993 630 2044 regno
643 1976 728 2044 legati
741 1976 835 2030 Africa
847 1975 1006 2044 discessere,

156 2054 186 2106 et
209 2052 348 2118 Jugurtha
371 2056 466 2106 eontra
490 2053 617 2106 timorem
641 2052 724 2105 animi
751 2053 874 2121 praemia
897 2054 1007 2107 sceleris

156 2127 288 2197 adeptum
303 2145 363 2182 sese
374 2128 458 2196 videt,
472 2131 579 2182 certum
593 2132 678 2197 ratus,
692 2128 766 2197 quod
778 2145 813 2181 ex
826 2128 918 2182 amicis
933 2129 1007 2199 apud

156 2204 332 2258 Numantiam
344 2208 497 2273 acceperat,
511 2205 602 2259 omnia
614 2205 718 2258 Romae
730 2205 835 2259 venalia
847 2222 914 2272 esse,
926 2206 1007 2259 simul

156 2284 185 2333 et
205 2281 312 2334 illorum
332 2281 573 2348 pollicitationibus
594 2297 730 2347 accensus,
752 2297 820 2349 quos
839 2281 921 2349 paulo
942 2286 1007 2335 anto

155 2357 314 2411 munoribus
333 2357 498 2425 expleverat,
518 2358 547 2410 iu
566 2374 682 2425 regnum
702 2356 868 2410 Adherbalis
886 2358 1006 2410 animum

155 2432 282 2487 intendit.
325 2434 389 2501 lpse
408 2450 478 2500 acer,
497 2433 656 2499 bellicosus;
681 2438 710 2487 at
730 2434 762 2502 is,
782 2451 863 2501 quem
885 2433 1006 2502 petebat,

155 2510 272 2577 quietus,
291 2509 417 2576 imbellis,
434 2509 542 2577 placido
560 2509 677 2578 ingenio,
697 2515 865 2578 oppartnnus
883 2509 1006 2577 injuriae,

156 2588 280 2638 metuens
296 2586 382 2653 magis
397 2601 479 2653 quam
496 2583 667 2637 metuendus.
705 2586 714 2637 l
719 2586 795 2652 gitur
810 2602 845 2638 ex
860 2585 1006 2653 improviso

155 2659 217 2713 finis
237 2660 298 2727 ejus
318 2677 379 2713 oum
401 2677 500 2728 magna
520 2677 603 2713 mann
623 2660 736 2728 invadit,
759 2662 859 2714 multos
883 2662 1006 2714 mortalis

155 2752 216 2789 cum
234 2753 333 2805 pecore
349 2740 433 2805 atque
450 2737 503 2790 alia
520 2736 623 2805 praeda
638 2737 720 2803 capit,
735 2737 859 2790 aedificia
874 2736 1004 2803 incendit,

155 2811 285 2881 pleraque
305 2813 364 2866 loca
384 2813 521 2866 hostiliter
541 2829 603 2865 cum
625 2813 749 2880 equitatu
770 2812 884 2878 aceedit,
906 2813 1005 2866 deinde
1066 2871 1069 2879 Α

155 2904 216 2942 eum
229 2891 302 2941 onrni
313 2889 489 2942 multitudine
500 2889 528 2941 in
541 2905 654 2955 regnum
668 2904 746 2940 suum
758 2888 892 2940 oonvortit
905 2889 1005 2941 existu-

154 2979 232 3017 mans
243 2965 337 3018 dolore
351 2968 506 3032 permotum
521 2962 706 3016 Adherbalem
718 2961 831 3028 injurias
846 2978 908 3013 suas
923 2979 1004 3016 manu

154 3039 362 3106 vindicaturum,
374 3056 488 3107 canique
503 3055 562 3091 rem
578 3037 643 3090 belli
656 3052 779 3089 caussam
791 3036 856 3087 fore.
893 3037 935 3089 ht
950 3037 1003 3102 ille,

155 3117 230 3184 quod
247 3134 336 3185 neque
358 3134 388 3169 se
406 3132 499 3184 parom
522 3113 605 3166 armis
627 3108 811 3163 existumabat
834 3111 864 3161 et
884 3110 1004 3163 amicitia

153 3192 249 3263 populi
261 3192 377 3247 Romani
388 3190 474 3258 magis
485 3203 568 3256 qnam
581 3185 707 3238 Numidis
719 3183 807 3236 fretus
818 3186 886 3249 erat,
898 3183 1003 3251 legatos

991 3339 1018 3383 1
