2275 3425
128 119 143 165 2
378 117 406 165 O.
425 116 600 167 SALLUSTI
617 118 735 166 uRISPI

127 213 178 264 pro
194 194 289 249 labore
306 194 419 264 desidia,
436 214 487 267 pro
499 198 668 252 continentia
684 202 713 252 et
728 200 869 269 aequitate
886 200 981 255 lubido

127 274 212 339 atque
224 272 352 340 superbia
364 272 494 339 invasere
505 274 618 327 fortuna
634 274 714 327 simul
726 293 788 329 cum
800 278 920 331 moribus
931 278 981 331 im-

128 349 259 400 mutatur.
295 347 341 400 Ita
357 347 502 417 imperium
520 365 629 418 semper
641 350 678 403 ad
690 354 832 419 optumum
845 369 982 422 quemque

127 439 144 474 a
161 422 252 492 minus
268 422 339 477 bono
357 424 531 491 transfertur.
568 426 644 490 Quae
662 426 785 496 homines
803 432 890 496 arant,
909 429 982 482 navi-

127 501 201 567 gant,
217 498 371 565 aedificant,
385 500 481 554 virtuti
497 502 587 555 omniu
604 505 710 571 parent.
747 505 802 558 Sed
818 505 898 560 multi
910 521 982 558 mor-

128 574 198 627 tales
210 574 298 629 dediti
310 576 399 629 ventri
412 580 495 645 atque
507 594 609 646 somno,
619 578 723 634 indocti
736 580 886 648 incultique
897 575 981 634 titum

128 649 208 703 sicuti
226 651 433 720 peregrinantes
452 655 601 718 transiere3
625 654 725 723 quibus
745 658 866 724 profecto
887 660 982 710 contra

128 729 255 780 naturam
267 744 366 795 corpus
378 728 521 798 voluptati,
539 730 629 783 anima
641 733 717 784 oneri
729 731 788 785 fuit.
818 733 918 785 Forum
931 749 982 800 ego

128 802 212 855 vitam
230 806 400 872 mortemque
414 804 496 872 juxta
515 809 646 874 uestumo,
666 807 793 874 quoniam
812 808 847 861 de
865 813 982 876 utroque

129 878 232 939 siletur.
267 878 371 932 Verum
390 880 528 934 enimvero
544 881 567 933 is
584 881 696 935 demum
710 883 777 935 mihi
789 884 881 937 vivere
896 887 981 951 atque

127 953 284 1007 frui'anima
295 954 412 1022 videtur,
426 956 473 1024 qui
485 957 577 1025 aliquo
589 957 699 1024 negotio
713 955 836 1012 intentus
848 959 982 1027 praeclari

129 1029 256 1083 facinoris
268 1035 316 1084 aut
327 1032 395 1085 artis
408 1032 495 1086 bonae
507 1034 608 1086 famam
621 1034 736 1101 quaerit.
773 1034 828 1087 Sed
843 1035 870 1087 in
883 1051 982 1103 magna

129 1107 206 1174 copia
218 1124 310 1160 rerum
322 1107 397 1161 aliud
409 1108 455 1161 alii
467 1113 566 1162 natura
578 1109 634 1163 iter
645 1109 775 1163 ostendit.
932 1113 934 1116 ’

182 1188 205 1237 3.
242 1183 388 1237 Pulchrum
412 1188 455 1239 est
480 1184 549 1238 bene
573 1185 663 1239 facere
687 1184 728 1238 rei
747 1185 879 1254 publicae,
897 1186 981 1241 ctiam

130 1257 304 1313 benedicere
320 1260 394 1314 haud
406 1261 555 1315 absurdum
568 1265 611 1315 est
619 1282 626 1327 ;
644 1261 686 1314 vel
703 1278 770 1329 pace
786 1261 829 1315 vel
845 1260 918 1315 bello
929 1263 983 1317 cla·

131 1351 189 1388 rum
202 1336 263 1389 fieri
274 1336 339 1391 licet
349 1360 355 1404 3
374 1341 403 1392 et
415 1338 463 1407 qui
474 1337 573 1406 fecere,
586 1341 615 1391 et
627 1339 674 1407 qui
689 1338 761 1392 facta
773 1338 888 1391 aliorum
900 1339 983 1408 scrip-

131 1428 197 1479 sere,
210 1411 290 1465 multi
306 1412 461 1468 laudantur.
500 1415 543 1468 Ac
556 1413 622 1467 mihi
634 1414 753 1483 quidem,
770 1415 880 1468 tametsi
896 1414 982 1468 haud-

130 1504 265 1555 quaquam
289 1506 340 1557 par
363 1489 449 1557 gloria
473 1491 597 1559 sequitur
618 1490 781 1559 scriptorem
808 1495 838 1544 et
861 1494 982 1544 actorem

131 1579 230 1629 rerum,
242 1568 335 1618 tamen
347 1566 375 1618 in
391 1567 487 1633 primis
501 1565 618 1620 arduum
630 1566 740 1620 videtur
756 1583 801 1621 res
814 1570 907 1635 gestas
919 1567 983 1620 scri-

131 1637 211 1706 bere;
227 1642 346 1709 primum
362 1642 436 1710 quod
452 1643 526 1696 iacta
544 1644 626 1696 dictis
645 1643 822 1712 exaequanda
838 1647 917 1709 sunt,
935 1642 983 1696 de'-

131 1715 194 1770 lriuc
205 1718 268 1785 quia
284 1719 414 1788 plerique,
432 1737 502 1787 quae
518 1720 619 1793 delicta
633 1720 849 1791 reprehenderis,
866 1720 983 1774 malevo-

131 1791 216 1847 lentia
228 1806 258 1849 et
268 1794 371 1848 invidia
384 1795 462 1849 dicta
477 1800 592 1864 putant3
610 1792 657 1849 ubi
672 1792 708 1849 de
722 1813 821 1863 magna
836 1796 939 1850 virtute
953 1799 983 1850 et

131 1870 218 1938 gloria
227 1870 360 1925 bonorum
376 1888 517 1939 memores,
531 1890 601 1941 quae
614 1871 666 1925 sibi
678 1873 794 1939 quisque
806 1871 896 1925 facilia
907 1872 983 1925 factu

131 1949 218 2015 putat,
231 1964 319 2016 aequo
331 1948 420 2001 animo
438 1949 543 2016 accipit,
556 1964 639 2017 supra
651 1964 684 2001 ea
695 1947 780 2014 veluti
796 1947 861 2000 ficto
872 1963 922 2014 pro
933 1947 982 2000 fal·

93 2017 97 2023 ’
132 2022 169 2076 sis
182 2023 265 2077 ducit.
296 2023 352 2076 Sed
364 2040 415 2091 ego
427 2023 648 2077 adulescentulus
660 2023 746 2091 initio,
759 2023 839 2075 sicuti
850 2023 982 2092 plerique,

132 2099 223 2153 studio
240 2099 276 2154 ad
294 2116 353 2153 rem
371 2100 506 2168 publicam
524 2100 597 2153 latus
615 2116 684 2167 sum,
703 2098 797 2167 ibique
813 2099 880 2151 mihi
896 2099 983 2152 multa

132 2176 248 2229 advorsa
264 2177 348 2229 suere.
386 2176 411 2228 N
413 2193 456 2229 am
475 2192 525 2243 pro
542 2176 655 2244 pudore,
672 2193 722 2244 pro
739 2175 913 2242 abstinentia,
931 2192 982 2244 pro

132 2252 241 2319 virtute,
253 2251 374 2318 audacia,
391 2252 508 2320 largitio,
522 2252 637 2305 avaritia
653 2251 789 2320 vigebant
827 2252 902 2316 Quae
914 2255 982 2305 tam·

132 2329 185 2381 etsi
208 2328 313 2381 animus
340 2328 538 2397 aspernabatur
564 2327 683 2381 insolens
711 2329 844 2383 malarum
872 2328 981 2394 artium,

132 2407 223 2458 tamen
241 2404 314 2457 inter
331 2408 409 2458 tanta
426 2405 492 2457 vitiu
509 2404 644 2458 imbecilla
663 2408 739 2458 aetas
758 2404 905 2459 ambitione
924 2420 978 2457 cor·
1068 2451 1077 2468 ,

132 2483 213 2550 rupta
229 2478 439 2546 tenebatur3ac
458 2498 509 2548 me,
527 2498 611 2549 quum
625 2481 661 2533 ab
677 2481 791 2549 reliquis
808 2480 886 2533 malis
901 2480 982 2532 mori-

132 2556 184 2610 bus
195 2555 377 2622 dissentirem,
390 2556 474 2610 nihilo
485 2556 575 2609 minus
587 2556 697 2610 honoris
708 2557 808 2625 cupido
820 2555 915 2609 cadem
928 2571 982 2622 qua

131 2629 671 2700 ceterosfamaatqueinvidiavexabat.
822 2695 829 2713 .

184 2715 209 2762 4.
245 2708 336 2777 Igitur
351 2708 398 2762 ubi
410 2710 515 2762 anssmus
532 2726 566 2762 ex
581 2709 675 2763 multis
686 2708 802 2761 irrisoriis
814 2711 899 2776 atque
910 2707 982 2776 peri-

132 2785 200 2841 culis
215 2786 358 2855 requievit,
374 2789 403 2840 et
420 2786 487 2839 mihi
503 2786 639 2854 reliquam
657 2790 775 2838 aetatem
793 2801 809 2837 a
825 2801 856 2837 re
873 2783 982 2852 publica

131 2863 224 2933 procul
242 2863 395 2917 habendum
415 2862 529 2928 decrevi,
547 2862 671 2915 nonfuit
694 2860 835 2914 consilium
859 2860 983 2914 secordia

131 2944 215 3009 atque
227 2940 334 2994 desidia
345 2939 446 2993 bonum
456 2940 540 2993 otium
550 2942 700 3006 conterere,
710 2953 799 3004 neque
808 2953 873 2990 vero
885 2952 982 3005 agmm

132 3016 244 3070 colendo
256 3021 304 3070 aut
316 3016 439 3070 venando
452 3014 595 3069 servilibus
607 3014 702 3067 officiis
713 3015 849 3068 intentum
861 3017 981 3077 aetatem

132 3110 231 3160 agere3
249 3092 299 3147 sed
317 3110 334 3146 a
352 3110 405 3160 quo
423 3093 531 3160 incepto
550 3090 697 3157 studioque
715 3106 760 3143 me
780 3089 893 3143 ambitio
911 3090 983 3143 mala

132 3168 294 3237 detinuerat,
306 3170 403 3223 eodem
416 3184 556 3238 regressus
567 3166 653 3221 statui
664 3182 709 3219 res
717 3169 811 3234 gestas
822 3166 915 3236 populi
929 3167 982 3221 Ro-
