2275 3425
145 97 178 146 98
389 96 418 142 0.
436 93 610 144 SALLUSTI
628 94 746 145 CRISPI

144 173 277 244 promissa
288 172 349 241 ejus
360 172 498 240 cognitum
514 188 550 226 ex
565 174 757 241 praesentibus
770 174 857 243 misit;
878 193 995 246 quorum

144 251 187 305 uti
197 249 329 319 cujusque
340 248 477 316 ingenium
487 252 555 316 erat,
563 249 605 303 ita
613 266 671 303 rem
680 250 817 306 difficilem
829 257 877 306 aut
888 252 995 308 facilem

144 326 318 390 nuntiavere;
344 324 461 378 consulis
483 325 590 378 animus
613 329 705 380 tamen
728 327 839 396 paulum
862 334 994 385 arrectus

146 406 247 473 Itaque
264 421 299 457 ex
313 402 391 470 copia
406 400 558 455 tubicinum
570 405 601 455 et
612 403 777 456 cornicinum
791 420 905 459 numero
917 407 995 475 quin-

145 498 199 550 que
210 497 292 549 quam
303 478 492 533 velocissumos
505 478 615 545 delegit,
628 482 657 532 et
669 496 730 533 cum
741 480 785 534 his
796 483 934 550 praesidio
946 484 995 553 qui

143 557 235 610 forent
258 558 387 623 quattuor
410 554 590 621 centuriones,
613 554 755 623 omnisque
779 557 873 625 Liguri
895 576 995 629 parere

139 632 229 701 jubet,
242 631 308 685 etei
323 631 431 698 negotio
443 646 607 697 proxumum
620 630 692 684 diem
705 633 855 687 constituit.

196 714 235 762 94.
272 706 326 761 Sed
350 707 397 759 ubi
421 723 456 761 ex
480 709 627 774 praecepto
647 709 757 775 tempus
776 709 871 776 visum,
888 712 993 779 paratis

143 783 353 852 compositisque
368 782 494 836 omnibus
508 783 544 835 ad
560 782 649 835 locum
665 783 764 851 pergit.
804 784 934 840 Ceterum
952 787 993 841 illi

144 861 190 928 qui
201 860 338 913 ascensuri
351 863 430 912 erant
441 857 584 927 praedocti
595 857 631 911 ub
643 856 713 911 duee
725 875 801 912 arma
812 865 993 930 ornatumque

143 938 322 998 mutaverant,
336 935 425 1002 capite
439 938 523 1001 atque
539 933 657 1002 pedibus
670 933 758 1000 nudis,
775 935 817 988 uti
831 942 992 1007 prospectus

143 1012 270 1077 nisusque
289 1027 340 1078 per
359 1026 425 1063 saxa
440 1010 546 1063 facilius
564 1009 653 1074 foret;
671 1025 753 1078 super
769 1014 848 1080 terga
863 1014 947 1081 gladii
961 1019 992 1070 et
1031 1022 1034 1035 '
1124 982 1129 1015 ἱ

143 1090 226 1151 scuta,
244 1102 340 1139 verum
361 1102 394 1139 ea
414 1086 560 1140 Numidica
582 1103 617 1139 ox
640 1086 726 1151 coriis,
750 1088 879 1156 ponderis
901 1091 992 1158 gratia

143 1161 222 1215 simul
234 1164 264 1215 et
275 1161 376 1215 offensa
392 1178 446 1229 quo
461 1161 546 1215 levius
562 1164 723 1230 streperent.
761 1163 851 1230 Igitur
864 1183 993 1235 praegre-

143 1237 221 1291 diens
233 1237 316 1305 higus
329 1254 394 1290 saxa
406 1241 435 1290 et
447 1238 469 1290 si
482 1254 552 1305 quae
564 1240 702 1292 vetustate
714 1239 821 1293 radices
835 1242 992 1297 eminebant

142 1314 246 1384 laqueis
257 1314 404 1381 vinciebat,
413 1312 512 1381 quibus
524 1312 633 1366 allevati
650 1312 775 1382 [milites]
786 1314 891 1369 facilius
900 1334 991 1372 escen-

142 1391 248 1456 derent,
257 1390 396 1442 interdum
405 1387 515 1441 timidos
524 1388 670 1443 insolentia
679 1388 785 1442 itineris
794 1389 884 1445 levare
893 1409 991 1461 manu3

141 1466 189 1520 ubi
201 1466 280 1534 paulo
288 1467 408 1533 asperior
414 1481 540 1518 ascensus
549 1468 617 1532 erat,
626 1465 746 1532 singulos
758 1482 824 1533 prae
837 1484 867 1521 se
878 1469 990 1523 inermis

141 1543 260 1608 mittere,
285 1542 386 1595 deinde
405 1541 464 1610 ipse
486 1557 548 1594 cum
567 1540 676 1594 illorum
699 1542 782 1595 armis
803 1543 894 1609 sequi;
919 1562 990 1613 quae

142 1618 225 1672 dubia
242 1619 303 1671 nisu
314 1613 479 1671 videbantur
493 1617 660 1686 potissumus
676 1621 820 1686 temptare,
836 1635 868 1672 ac
881 1622 990 1689 saepius

141 1694 238 1749 cadem
249 1692 398 1748 ascendens
410 1692 638 1761 descendensque,
650 1693 715 1747 dein
727 1694 820 1747 statim
833 1694 990 1763 digrediens

141 1772 240 1824 ceteris
248 1770 389 1824 audaciam
398 1769 508 1823 addere.
539 1769 629 1836 IgItur
641 1770 689 1822 diu
700 1769 871 1837 multumque
882 1772 990 1841 fatigati

141 1847 254 1901 tandem
267 1848 296 1900 in
312 1846 453 1900 castellum
469 1845 632 1914 perveniunt
648 1844 790 1898 desertum
804 1845 839 1899 ab
853 1863 886 1901 ea
901 1853 989 1917 parte,

142 1918 217 1991 quod
230 1939 323 1976 omnes
337 1922 407 1975 sicut
420 1923 480 1975 aliis
496 1921 594 1974 diebus
608 1920 754 1975 advorsum
769 1921 856 1976 hostis
867 1924 988 1980 adeant

142 1999 246 2052 Marius
258 1998 306 2051 ubi
314 2016 348 2051 ex
355 1998 458 2051 nuntiis
470 2015 540 2066 quaa
552 1998 637 2065 Ligus
648 2000 743 2065 egerat
755 1999 887 2066 cognovit,
897 2017 990 2069 quam-

141 2092 223 2143 quam
236 2077 295 2128 toto
307 2074 352 2127 die
367 2074 488 2128 intentos
503 2074 606 2143 proelio
622 2073 756 2127 Numidas
770 2074 912 2143 habuerat,
928 2080 988 2131 tum

141 2167 205 2204 vero
217 2150 374 2203 cohortatus
386 2150 487 2203 milites
495 2153 524 2204 et
536 2150 595 2219 ipse
608 2135 686 2204 extra
695 2151 786 2204 vineas
798 2167 922 2219 egressus
933 2156 989 2207 tes-

141 2226 237 2279 tudine
249 2229 310 2279 acta
325 2224 472 2279 succedere
484 2229 513 2279 et
525 2225 605 2278 simul
621 2225 728 2280 hostem
741 2229 889 2281 'tormentis
905 2230 988 2297 sagit-

141 2302 271 2369 tariisque
284 2303 314 2354 et
325 2299 510 2354 funditoribus
526 2301 631 2354 eminus
651 2304 763 2356 terrere.
798 2303 839 2356 At
851 2303 876 2355 N
878 2304 989 2358 umidae

141 2395 221 2447 saepe
233 2380 314 2430 antea
324 2376 411 2429 vineis
426 2377 611 2432 Romanorum
627 2377 771 2446 subversis,
783 2379 851 2432 item
863 2378 986 2448 incensis,

140 2472 193 2507 non
205 2452 309 2507 castelli
321 2453 462 2506 moenibus
474 2470 533 2507 sese
544 2453 709 2507 tutabantur
717 2454 767 2508 sed
778 2471 829 2524 pro
840 2471 919 2508 muro
927 2455 988 2511 dies

140 2530 282 2598 noctisque
298 2531 410 2598 agitare,
426 2530 589 2583 maledicere
606 2529 736 2583 Romanis
752 2546 784 2584 ac
796 2530 885 2583 Mario
895 2547 988 2584 vecor-

140 2606 214 2660 diam
233 2606 378 2674 objectare,
397 2605 529 2660 militibus
547 2606 648 2659 nostris
671 2606 827 2674 iugurthae
847 2607 987 2662 servitium

139 2683 243 2750 minari,
257 2680 383 2736 secundis
401 2682 485 2737 rebus
503 2684 606 2737 feroces
626 2699 692 2736 esse.
729 2682 846 2737 Interim
862 2683 989 2737 omnibus
1015 2752 1017 2756 ι

140 2759 269 2812 Romanis
285 2758 465 2828 hostibusque
480 2759 583 2829 proelio
598 2759 719 2827 intentis,
736 2775 836 2827 magna
848 2759 989 2827 utrimque

138 2835 165 2887 vi
176 2851 226 2902 pro
237 2834 324 2902 gloria
340 2839 425 2904 atque
440 2836 554 2904 imperio
570 2835 621 2903 his,
633 2835 687 2889 illis
697 2852 748 2906 pro
760 2836 848 2889 salute
858 2836 989 2889 certanti-

138 2908 197 2975 bus,
210 2915 324 2977 repeute
335 2928 352 2965 a
363 2916 443 2981 tergo
456 2913 532 2980 signa
543 2929 655 2978 canere;
676 2929 708 2967 ac
718 2914 808 2982 primo
821 2910 948 2965 mulieres
959 2914 990 2965 et

138 2985 223 3051 pueri,
233 2986 280 3052 qui
289 2987 377 3040 visum
386 2992 581 3057 processerant,
589 2989 694 3057 fugere,
706 2988 807 3043 deinde
818 2988 860 3042 uti
873 2986 990 3056 quisque

138 3075 217 3112 muro
229 3077 378 3128 proxumus
392 3067 460 3131 erat,
475 3067 616 3131 postremo
631 3066 731 3131 cuncti,
747 3065 847 3119 armati
859 3064 990 3118 inermes-

139 3148 199 3195 que.
236 3134 315 3198 Quod
329 3137 376 3191 ubi
391 3137 498 3205 accidit,
513 3155 546 3192 eo
561 3139 651 3194 acrius
669 3141 784 3195 Romani
802 3141 915 3205 instare,
930 3139 991 3193 fun·
