2275 3425
108 170 111 179 .
152 132 200 182 102
400 130 429 179 0.
448 127 621 179 SALLUSTI
638 127 754 178 CRISPI

151 209 309 280 sagittariis,
321 212 466 279 praeterea
476 209 597 264 cohortis
609 209 742 278 Ligurum
753 210 883 277 curabat;
898 211 1003 281 primos

152 291 182 343 et
193 290 330 342 extremos
342 303 405 341 eum
416 285 553 354 expeditis
564 285 709 354 manipulis
720 285 846 340 tribunos
857 287 1003 341 locaverat.

153 364 288 431 Periugae
296 362 416 415 minume
426 360 483 415 cari
494 365 524 415 et
535 361 676 429 regionum
689 362 870 416 scientissumi
882 362 1003 417 hostium

152 440 208 494 iter
225 437 411 508 explorabant.
446 437 533 492 Simul
554 438 656 504 consul,
676 437 755 506 quasi
774 437 849 490 nullo
867 437 1003 506 imposito,
1030 496 1032 501 ,

153 516 244 570 omnia
258 513 411 583 providere,
427 513 509 583 apud·
518 514 607 567 omnis
625 513 731 580 adesse,
744 512 858 567 laudare
871 517 903 567 ot
917 513 1004 567 inore·

153 607 219 660 pare
232 588 370 644 merentis.
407 589 473 659 lpse
492 593 614 643 armatus
628 589 807 657 intentusque
822 589 890 643 item
902 588 1004 643 milites

153 665 282 734 cogebat3
299 681 388 733 neque
404 681 482 719 secans
498 668 584 733 atque
602 664 657 718 iter
674 664 765 718 iacere
781 667 871 718 castra
890 663 1005 732 munire,

153 741 311 797 excubitum
325 740 354 794 in
370 745 451 809 porta
467 740 588 795 cohortis
607 756 643 794 ex
660 738 819 807 legionibus,
837 756 888 808 pro
907 739 1006 794 casum

154 819 260 888 equites
271 816 427 871 auxiliarios
439 817 560 884 mittere,
571 818 716 884 praeterea
727 814 795 870 alios
810 831 891 885 super
903 814 1005 869 nahum

153 894 182 947 in
202 890 379 947 munimentis
392 892 489 959 locare,
506 891 611 959 rigibus
630 891 690 961 ipse
708 890 860 963 circumire,
875 907 928 944 non
946 894 1005 945 tam

154 970 307 1024 diffidentia
322 969 409 1022 futuri
426 984 497 1036 quae
512 967 702 1035 imperavisset
717 984 800 1037 quam
814 967 857 1021 uti
872 966 1006 1021 militibus

154 1048 322 1114 exaequatus
337 1061 400 1098 cum
413 1043 579 1111 imperatore
594 1041 671 1096 labos
682 1042 838 1097 volentibus
852 1045 933 1096 esset.
967 1042 1006 1096 Et

155 1138 220 1176 sane
232 1121 336 1175 Marius
347 1121 448 1189 illoque
460 1118 575 1186 aliisque
586 1117 756 1188 temporibus
767 1117 787 1171 J
788 1117 929 1186 ugurrthini
940 1116 1005 1171 belli

154 1197 260 1266 pudore
280 1197 367 1265 magis
386 1212 469 1264 quam
487 1194 559 1248 malo
579 1194 730 1248 exercitum
750 1192 910 1259 coercebat3
930 1192 1006 1262 quod

155 1273 235 1327 multi
247 1289 298 1341 per
308 1271 486 1326 ambitionem
498 1270 559 1324 fieri
570 1269 697 1335 aiebant3
715 1286 788 1340 pars,
801 1269 876 1338 quod
887 1286 904 1323 a
914 1269 1006 1338 pueri-

155 1349 195 1402 tia
214 1350 371 1402 consuetam
392 1345 523 1400 duritiam
547 1349 577 1399 et
601 1345 660 1414 alia,
681 1362 752 1414 quae
775 1345 859 1400 ceteri
882 1344 1006 1398 miserias

155 1427 259 1491 vocant,
270 1422 404 1492 voluptati
416 1421 572 1486 habuisset3
590 1421 642 1475 nisi
654 1424 747 1475 tamen
758 1438 804 1476 res
815 1421 925 1490 publica
935 1420 1006 1489 pari-

155 1502 200 1553 ter
210 1516 242 1554 ac
254 1499 418 1554 saedssumo
426 1498 540 1566 imperio
552 1497 623 1551 bene
635 1501 718 1565 atquo
730 1497 830 1552 decore
841 1501 928 1566 gesta.

209 1581 266 1629 101.
284 1575 375 1642 Igitur
386 1578 484 1643 quarto
493 1573 612 1641 denique
624 1572 669 1626 die
681 1572 756 1626 haud
767 1573 848 1640 longe
858 1571 894 1626 ab
905 1570 1006 1641 oppido

156 1650 233 1705 Cirta
252 1650 375 1720 undique
395 1648 474 1702 simul
496 1649 680 1717 speculatores
701 1647 750 1704 citi
769 1665 830 1705 sese
850 1648 1005 1717 ostendunt,

156 1744 210 1796 qua
232 1743 264 1782 re
287 1726 374 1781 hostis
396 1726 493 1780 adesse
518 1725 696 1793 mtellegitur.
740 1725 797 1781 Sed
819 1725 883 1794 quia
904 1723 1006 1779 divorsi

155 1801 304 1857 redeuntes
317 1802 385 1856 alius
398 1800 434 1854 ab
448 1801 502 1854 alia
515 1805 596 1870 parto
611 1804 697 1869 atque
709 1816 802 1856 omnes
817 1800 891 1854 idem
904 1800 1006 1868 signifi-

156 1878 261 1946 cabant,
275 1877 369 1932 oonsrrl
384 1877 504 1931 incertus
519 1878 637 1945 quonam
652 1876 734 1930 modo
749 1877 835 1931 aciem
849 1876 1006 1943 instrueret,

155 1954 229 2008 nullo
248 1953 345 2008 ordine
363 1956 537 2022 commutato,
556 1952 702 2007 advorsum
721 1953 810 2006 omnia
826 1954 939 2021 paratus
956 1950 1007 2004 ibi·

156 2029 220 2083 dem
229 2028 377 2099 opperitur.
404 2027 904 2097 ItaJugurthamspesirustrata,qui
915 2027 1006 2097 copias

156 2105 185 2158 in
201 2107 331 2173 quattuor
345 2102 433 2172 partis
445 2102 625 2157 distribuerat
638 2107 715 2157 ratus
729 2120 765 2157 ex
779 2103 904 2158 omnibus
919 2117 1016 2174 arcaque¹

156 2180 260 2248 aliquos
271 2178 307 2232 ab
315 2182 395 2245 tergo
406 2176 531 2232 hostibus
542 2182 679 2233 venturos
705 2178 821 2233 Interim
834 2177 915 2244 Sulla,
924 2194 1006 2247 quem

155 2255 275 2328 primum
290 2253 383 2307 hostes
399 2253 558 2321 attigerant,
569 2253 727 2308 cohortatus
744 2270 806 2307 suos
821 2253 962 2307 turmatim
976 2256 1007 2308 et

157 2346 240 2400 quam
253 2343 381 2383 munnae
392 2328 522 2381 confertis
534 2329 611 2396 equis
626 2330 685 2398 ipse
700 2329 800 2397 aliique
812 2329 923 2382 Mauros
934 2328 1008 2383 inra-

157 2406 234 2472 dunt,
247 2403 333 2459 ceteri
348 2403 377 2457 in
392 2403 452 2457 loco
463 2407 605 2459 manentes
620 2405 657 2459 ab
665 2404 765 2473 jaculis
781 2404 886 2459 eminus
900 2404 1007 2459 emissis

156 2497 271 2550 corpora
281 2483 385 2547 tegere,
399 2481 428 2532 et
440 2477 464 2531 si
476 2479 523 2548 qui
535 2479 564 2532 in
575 2496 672 2535 manus
684 2483 823 2549 venerant,
836 2480 1007 2534 obtruncare.

157 2558 231 2611 Dum
247 2571 280 2609 eo
296 2554 377 2608 modo
393 2554 500 2623 equites
518 2556 694 2624 proeliantur,
711 2555 837 2610 Bocchus
853 2571 915 2611 cum
930 2554 1008 2624 pedi-

156 2633 238 2699 tibus,
250 2646 318 2700 quos
330 2630 422 2683 Volux
433 2629 505 2683 filius
521 2630 582 2698 ejus
597 2632 758 2699 adduxerat,
771 2648 860 2700 nequo
875 2631 1008 2699 inpriore

157 2724 249 2778 pugna
262 2708 290 2760 in
306 2705 406 2760 itinere
421 2706 520 2760 morati
536 2706 678 2774 affuerant,
690 2710 858 2777 postremam
873 2707 1008 2761 Romano-

156 2800 218 2836 rum
229 2783 317 2836 aciem
328 2780 467 2835 invadun't.
502 2781 571 2834 'lum
583 2781 687 2836 Marius
698 2782 773 2850 apud
784 2783 887 2851 primos
898 2782 1007 2850 agebat,

157 2858 232 2925 quod
250 2857 289 2911 ibi
305 2856 445 2925 Jugurtha
463 2873 524 2911 cum
542 2856 676 2924 plurumis
690 2860 758 2912 erat.
794 2858 866 2913 Dein
886 2857 1009 2912 Numida

157 2932 265 2998 cognito
286 2932 387 2986 Bocchi
409 2932 530 2986 adventu
550 2932 620 2985 clam
641 2949 703 2987 cum
725 2934 819 3002 paucis
839 2933 876 2987 ad
898 2932 1010 3002 pedites

157 3007 307 3071 convortit3
323 3007 363 3062 ibi
381 3007 486 3074 Latine,
498 3022 561 3060 nam
576 3008 651 3076 apud
664 3009 840 3063 Numantiam
852 3009 927 3078 loqui
939 3008 1011 3063 didi-

156 3085 240 3147 cerat,
256 3081 405 3135 exclamat:
427 3083 557 3136 “nostros
573 3082 677 3137 frustra
691 3100 830 3155 pugnare3
846 3084 927 3153 paulo
943 3087 1010 3139 ante

157 3152 276 3207 Marium
297 3170 347 3208 sua
365 3172 448 3209 manu
470 3156 678 3224 interiectum;”
704 3160 785 3214 simul
807 3159 930 3229 gladium
950 3176 1011 3213 san-
