2275 3425
118 117 151 167 28
363 113 393 162 O.
411 111 591 163 SALLUsrr
602 112 722 161 GRISPI

117 195 211 263 legem*
223 194 332 261 timere,
352 193 436 260 quum
457 208 518 246 eam
536 192 565 245 in
584 191 689 261 majore
707 188 882 260 neglexeris?
926 191 967 244 At

118 270 190 324 enim
208 268 270 337 quis
287 267 470 335 reprehendet
487 266 562 336 quod
578 266 607 321 in
623 268 772 337 parricidas
787 268 828 321 rei
843 266 968 335 publicae

118 347 260 400 decretum
270 344 341 397 eritt
371 343 496 411 Tempus,
506 344 573 408 dies,
581 344 699 410 fortuna,
706 342 785 411 cujus
797 341 890 396 lubido
901 359 968 410 gen-

118 421 193 474 tibus
212 421 379 474 moderatur.
416 418 476 473 lllis
495 419 596 473 merito
614 419 720 473 accidet
738 418 869 488 quiequid
887 435 968 473 even-

118 498 186 563 erit3
203 500 325 551 ceterum
334 513 389 565 vos,
401 499 495 565 patres
506 496 660 564 conscripti,
672 495 740 564 qnid
747 496 776 548 in
788 495 856 549 alios
864 498 968 549 statua·

119 574 154 626 tis
174 572 351 626 considerate.
395 571 493 625 Omnia
516 571 588 625 mala
609 571 734 640 exempla
753 588 787 625 ex
805 570 884 625 bonis
904 574 967 624 orta

118 651 191 702 sunt.
225 647 280 702 Sed
298 647 346 700 ubi
364 647 510 717 imperium
527 647 564 700 ad
582 647 692 715 ignaros
710 646 866 702 autminus
881 646 967 700 bonos

118 724 251 793 pervenit,
263 739 364 777 novum
375 722 444 776 illud
456 723 611 791 exemplum
623 722 658 775 ab
671 722 761 790 dignis
773 725 802 776 et
813 722 918 775 idoneis
929 722 966 775 ad

118 799 243 867 indignos
255 802 284 853 et
295 815 348 852 non
360 798 472 852 idoneos
488 799 661 852 transfertur.
679 789 685 840 i
698 797 906 853 Lacedaemonii
918 798 967 851 de-

117 874 199 929 victis
219 874 432 928 Atheniensibus
451 874 565 941 triginta
578 874 650 928 viros
666 873 828 943 imposuere,
845 874 967 943 quirem

117 950 255 1019 publicam
274 966 368 1003 eorum
387 952 545 1003 tractarent.
584 949 622 1002 Hi
640 950 729 1017 primo
743 966 857 1018 eoepere
874 966 968 1018 pessu-

117 1042 193 1079 mum
205 1042 341 1094 quemque
353 1028 381 1079 et
391 1025 517 1078 omnibus
528 1024 645 1079 inrisum
656 1024 844 1079 indemnatum
856 1041 968 1089 necare;

119 1117 153 1154 ea
171 1101 288 1171 populus
310 1100 407 1155 laetari
428 1104 458 1154 et
477 1101 577 1154 merito
600 1100 692 1153 dicere
715 1101 783 1154 fieri.
826 1101 900 1169 Post,
920 1101 967 1155 ubi

118 1178 250 1245 paulatim
260 1177 371 1232 licentia
382 1176 477 1244 crevit,
486 1175 570 1244 juxta
578 1175 664 1229 bonos
677 1180 706 1230 et
717 1177 803 1230 malos
814 1175 968 1230 lubidinose

120 1252 281 1320 interficere,
301 1256 407 1307 ceteros
425 1255 502 1306 metu
519 1254 633 1306 terrere.
671 1252 717 1306 Ita
728 1252 823 1306 civitas
836 1251 968 1305 servitute

118 1344 248 1397 oppressa
261 1328 363 1383 stultae
378 1328 501 1383 laetitiae
516 1328 608 1395 gravis
621 1344 727 1397 poenas
743 1326 828 1382 dedit.
865 1326 969 1381 Nostra

118 1405 249 1458 memoria
257 1405 344 1458 victor
357 1403 438 1469 Sulla,
448 1420 532 1473 quum
545 1403 743 1473 Damasippum
755 1407 784 1457 et
796 1403 863 1456 alios
873 1402 969 1471 hujus-

119 1479 201 1547 modi,
219 1480 266 1549 qui
282 1480 353 1534 malo
371 1479 412 1533 rei
430 1479 555 1549 publicae
571 1482 722 1545 creverant,
736 1477 859 1546 jugulari
874 1478 968 1548 jussit,

119 1555 253 1622 quianon
272 1556 374 1610 factum
394 1554 454 1623 ejus
474 1553 624 1609 laudabat?
646 1555 771 1608 homines
790 1553 919 1608 scelestos
938 1557 968 1609 et

119 1629 253 1698 factiosos,
265 1631 312 1699 qui
329 1630 508 1685 seditionibus
524 1647 584 1684 rem
600 1631 738 1699 publicam
753 1630 966 1697 exagitaverant,

120 1707 219 1761 merito
237 1709 348 1760 necatos
368 1705 485 1761 aiebant.
528 1705 584 1761 Sed
603 1724 636 1761 ea
655 1724 700 1761 res
721 1723 836 1774 magnae
859 1705 968 1760 initium

120 1781 206 1836 cladis
217 1782 277 1836 fuit.
313 1782 339 1836 N
341 1799 385 1836 am
401 1782 443 1836 uti
457 1782 573 1851 quisque
587 1782 698 1837 domum
717 1786 766 1837 aut
777 1783 877 1851 villam,
895 1787 968 1851 post

120 1874 195 1912 remo
207 1874 254 1912 ras
269 1861 319 1912 aut
330 1857 522 1912 vestimentum
539 1858 656 1927 alicujus
672 1859 869 1927 concupiverat,
884 1858 969 1912 dabat

103 1950 231 2003 *opernm
249 1937 282 1988 ut
299 1933 324 1987 is
342 1934 371 1987 in
390 1934 605 2003 proscriptorum
618 1951 731 1988 numero
748 1937 828 1989 esset
864 1935 910 1988 Ita
920 1935 968 2000 illi,

120 2011 219 2077 quibus
231 2010 389 2079 Damasippi
403 2026 476 2063 mors
490 2010 613 2064 laetitiae
629 2010 727 2077 fuerat,
743 2010 824 2078 paulo
840 2013 904 2079 post
916 2010 968 2079 ipsi

120 2086 308 2152 trahebantur,
320 2101 409 2153 neque
421 2086 497 2161 prius
509 2086 571 2139 finis
576 2086 723 2155 jugulandi
734 2085 788 2139 fuit
799 2102 880 2155 quam
894 2086 969 2140 Sulla

119 2161 208 2215 omnis
226 2177 289 2215 suos
309 2160 411 2215 divitiis
430 2161 556 2229 explerit.
594 2164 689 2230 Atque
709 2177 761 2229 ego
780 2160 848 2215 haec
866 2178 920 2215 non
940 2162 968 2214 in

120 2236 158 2291 M.
173 2237 267 2305 Tullio,
284 2253 374 2306 neque
388 2237 431 2291 his
445 2237 614 2306 temporibus
625 2253 739 2303 vereor3
760 2236 810 2290 sed
824 2237 854 2290 in
869 2253 969 2304 magna

120 2312 232 2367 civitate
248 2312 336 2367 multa
352 2316 380 2367 et
394 2313 470 2366 varia
485 2313 595 2381 ingenia
611 2316 681 2367 sunt.
718 2312 815 2367 Potest
831 2312 884 2366 alio
900 2316 969 2366 tem·

58 2446 60 2449 ,
119 2404 194 2458 pore,
203 2389 255 2442 alio
267 2388 384 2455 consule,
394 2388 436 2442 cui
449 2389 517 2442 item
529 2389 668 2443 exercitus
679 2387 709 2442 in
719 2405 802 2443 manu
813 2390 858 2456 sit,
870 2387 968 2441 falsum
1027 2422 1029 2431 .

120 2464 225 2533 aliquid
247 2480 297 2534 pro
318 2480 381 2519 vero
402 2464 494 2530 credi3
519 2465 567 2519 ubi
585 2464 637 2518 hoc
661 2465 786 2533 exemplo
809 2482 859 2534 per
880 2465 968 2518 senati

121 2540 264 2595 decretum
282 2541 374 2595 consul
392 2540 515 2608 gladium
534 2540 668 2608 eduxerit,
688 2540 750 2609 quis
765 2541 805 2594 illi
820 2541 901 2594 finem
914 2543 969 2594 sta·

121 2619 189 2682 tuet,
198 2622 246 2670 aut
257 2617 318 2684 quis
330 2616 535 2671 moderabitur?
561 2617 683 2684 Majores
695 2617 790 2684 nostri,
802 2619 896 2685 patres
907 2632 970 2670 con-

121 2691 224 2761 scripti,
243 2709 332 2760 neque
350 2692 445 2746 oonsili
461 2709 551 2761 neque
571 2692 701 2746 audaciae
717 2708 845 2760 umquam
862 2707 970 2759 aguero,

121 2782 212 2836 neque
223 2767 277 2820 illis
288 2767 416 2837 superbia
428 2768 556 2822 obstabat
568 2785 622 2836 quo
634 2769 724 2822 minus
734 2768 822 2821 aliena
833 2766 969 2833 instituta,

122 2842 234 2897 simodo
245 2844 332 2913 proba
344 2847 429 2911 erant,
442 2844 622 2898 imitarentur.
643 2846 730 2898 Arma
739 2847 823 2913 atque
834 2842 891 2896 tela
901 2843 971 2895 mili-

122 2918 194 2972 taria
213 2919 248 2972 ab
270 2917 444 2983 Samnitibus,
461 2919 577 2986 insignia
592 2921 802 2987 magistratuum
820 2917 856 2971 ab
875 2918 970 2972 Tuscis

60 2994 62 2997 ’
121 2992 252 3063 pleraque
267 2998 458 3064 sumpserunt;
475 3000 614 3062 postremo
628 2994 702 3062 quod
715 2995 816 3063 ubique
835 2992 909 3062 apud
927 3010 970 3046 so-
1067 3030 1070 3036 -

122 3069 178 3123 cios
193 3073 242 3123 aut
258 3069 346 3125 hostis
362 3071 490 3129 idoneum
506 3069 660 3138 videbatur,
676 3087 738 3124 cum
758 3086 863 3123 summo
878 3069 970 3123 studio

123 3143 198 3199 domi
206 3147 441 3214 exsequebantnn
457 3144 561 3200 imitari
569 3162 651 3214 quam
663 3145 786 3200 inridere
797 3145 876 3200 bonis
886 3144 969 3199 male
