2275 3425
137 117 168 165 ιο
387 113 414 160 o
435 97 610 161 santosrr
628 111 744 160 caisrr

137 195 230 262 risque
251 192 423 248 senatoribus
443 191 593 261 perniciem
613 191 846 246 machinabantur
883 192 992 269 Quodni

138 271 190 325 Cat
191 270 256 323 ilina
268 271 435 323 maturasset
450 284 500 337 pro
513 268 588 321 curia
603 268 709 336 signnm
724 268 804 322 sociis
817 267 935 334 deraso
947 254 992 322 did

136 349 200 415 post
216 345 309 400 condit
297 349 354 399 tam
371 344 467 398 urbem
481 344 596 397 Romam
608 360 765 412 pessumum
784 345 888 398 facinus
900 348 992 413 patra·

137 426 197 475 tum
214 422 293 475 foret.
331 421 402 485 Quia
422 420 543 473 nondum
564 421 724 489 frequentes
742 420 841 474 armati
860 436 989 475 convene·

136 501 208 565 rant,
221 515 254 552 ea
266 513 311 550 res
323 497 464 551 consilium
476 495 596 550 diremit.

191 580 230 628 19.
269 574 370 628 Postea
388 571 453 626 Piso
468 572 497 625 in
515 572 672 626 citeriorem
685 572 848 641 Hispaniam
861 576 991 642 quaestor

136 666 187 719 pro
205 652 336 720 praetore
354 650 454 703 missus
473 652 523 716 est,
545 650 688 703 annitente
708 649 816 717 Crasso,
836 650 989 716 quodcum

137 726 267 780 infestum
292 725 432 780 inimicum
457 725 505 780 On.
528 725 659 794 Pompeio
683 729 855 793 cognoverat.
891 726 990 795 Neque

136 805 229 855 tamen
237 804 347 855 senatus
354 801 522 870 provinciam
529 801 632 854 invitus
639 801 763 867 dederat,
770 803 871 871 quippe
878 801 989 855 foedum

136 878 274 932 hominem
292 877 477 946 erepublica
493 878 587 945 procul
604 894 665 931 esse
681 877 808 943 volebat3
826 878 906 931 simul
924 878 990 947 quia
1032 891 1034 896 ·

136 952 200 1007 boni
211 953 364 1022 complures
376 951 545 1022 praesidium
557 954 586 1006 in
603 970 636 1007 eo
652 953 796 1022 putabant,
809 957 838 1008 et
851 953 911 1022 jam
929 959 989 1007 tum

137 1030 261 1098 potentia
273 1030 386 1097 Pompei
398 1029 575 1082 formidolosa
586 1033 655 1083 erat.
693 1028 751 1083 Sed
768 1030 792 1082 is
806 1030 871 1083 Piso
882 1031 911 1082 in
927 1046 989 1097 pro

114 1085 224 1192 Qyincia
236 1106 271 1159 ab
284 1105 422 1174 equitibus
436 1106 575 1174 Hispania,
588 1121 658 1174 qnos
669 1105 698 1158 in
711 1106 835 1159 exercitu
847 1105 988 1175 ductabat,

119 1185 192 1252 pter
212 1182 314 1236 faciens
333 1182 437 1236 occisus
452 1185 503 1235 est.
539 1181 609 1235 Sunt
628 1182 676 1251 qui
693 1181 734 1235 ita
752 1181 855 1249 dicunt,
873 1182 988 1249 imperia

80 1317 86 1326 ,
107 1271 118 1300 ι
138 1257 197 1325 ejus
209 1258 317 1327 injusta,
330 1257 454 1327 superba,
466 1257 587 1311 crudelia
599 1256 731 1310 barbaros
742 1258 898 1326 nequivisse
914 1258 988 1325 pati;

94 1332 101 1336 ’
138 1334 183 1388 alii
202 1339 295 1388 autem
315 1334 423 1403 equites
444 1334 511 1399 illos,
532 1334 579 1387 On.
599 1333 712 1401 Pompei
733 1337 841 1387 veteres
861 1333 987 1402 fidosque

65 1463 73 1472 „
98 1434 106 1448 ι
138 1411 253 1478 οιίιιιιιι,
265 1411 407 1464 voluntate
426 1409 486 1478 ejus
507 1410 633 1464 Pisonem
654 1426 814 1479 aggressam
837 1427 985 1477 numquam

79 1489 93 1526 ι
139 1487 276 1555 Hispanos
300 1490 443 1554 praeterea
465 1486 522 1540 tale
543 1486 649 1540 facinus
674 1487 778 1553 iecisse,
801 1486 851 1540 sed
872 1488 987 1555 imperia

37 1607 54 1638 Ἰ
64 1549 85 1616 3
139 1579 219 1617 saeva
234 1564 321 1616 multa
332 1565 415 1615 antea
433 1579 584 1631 perpessos.
621 1564 647 1616 N
649 1579 679 1616 os
697 1579 757 1616 earn
774 1579 833 1616 rem
851 1563 878 1616 in
896 1563 986 1617 medic

51 1647 73 1684 ἰ
86 1668 119 1714 q.
138 1639 329 1708 relinquemus.
364 1638 407 1691 De
420 1639 558 1706 superiore
570 1639 757 1707 conjuratione
769 1639 837 1693 satis
849 1638 960 1693 dictum.

122 1780 127 1789 ¹
190 1722 230 1770 ιιι.
261 1717 377 1770 Catilina
392 1715 440 1768 nbi
454 1732 580 1785 eosquos
592 1716 673 1785 paulo
686 1720 751 1770 ante
763 1717 912 1773 memorari
924 1734 986 1770 eon-

138 1793 244 1846 venisse
256 1793 339 1861 ridet,
352 1792 463 1846 tametsi
479 1808 540 1844 cum
559 1792 673 1860 singulis
688 1793 775 1846 multa
787 1809 869 1861 saepe
882 1796 985 1861 egerat,

138 1873 230 1923 tamen
242 1869 270 1922 in
282 1887 340 1923 reni
350 1869 410 1922 sore
421 1866 536 1922 credens
547 1862 688 1922 universos
699 1868 837 1937 appellare
850 1872 879 1921 et
891 1869 999 1937 cohor-A

139 1947 199 2012 tari,
215 1946 244 1998 in
260 1945 382 1999 abditam
399 1946 506 2013 partem
523 1944 633 1998 aedium
650 1945 761 2012 secedit,
774 1947 857 2014 atque
873 1944 912 1997 ibi
929 1962 985 1998 om-

138 2022 218 2074 nibns
241 2021 352 2075 arbitris
375 2020 469 2089 procul
493 2021 596 2085 amotis¹
616 2023 768 2076 orationem
796 2021 985 2088 hujuscemodi

137 2096 240 2152 habuit.
263 2097 324 2150 “Ni
335 2097 422 2150 virtus
434 2090 663 2165 fidesqfie'vostra
675 2101 799 2166 spectata
811 2096 877 2150 mihi
886 2097 985 2167 forent,

139 2174 318 2261 nequicquam
343 2176 497 2241 opportuna
525 2189 569 2225 res
597 2175 761 2239 cecidisset3
792 2190 855 2241 spes
877 2189 985 2241 magna,

138 2249 267 2302 dominat
247 2252 286 2303 tio
304 2250 332 2303 in
348 2248 472 2302 manibus
489 2248 594 2302 frustra
610 2250 741 2315 fuissent;
758 2266 848 2317 neque
866 2266 918 2316 ego
935 2267 987 2319 per

137 2326 272 2393 ignaviam
291 2330 339 2379 aut
352 2342 420 2413 vana
422 2325 541 2454 bingenia
553 2326 659 2379 incerta
677 2343 727 2394 pro
746 2327 828 2380 certis
839 2330 985 2394 captarem.

138 2401 194 2455 Sed
210 2403 274 2471 quia
291 2384 397 2454 mult
350 2405 419 2454 trac
422 2401 556 2469 tmagnis
576 2405 696 2472 tempest
684 2402 789 2457 tatibus
805 2419 853 2455 vos
872 2404 985 2470 cognovi

137 2468 216 2532 follis
239 2478 364 2546 fidosque
387 2478 461 2541 mihi,
483 2494 515 2530 eo
534 2478 641 2532 animus
664 2496 746 2533 anans
766 2482 809 2534 est
827 2495 984 2532 maxumum

136 2560 219 2622 atque
231 2554 451 2623 pulcherrumum
463 2554 594 2608 facinus
586 2555 713 2625 incipere,
726 2555 806 2609 simul
825 2554 890 2627 quia
907 2555 985 2608 robis

136 2631 234 2683 eadem
241 2646 312 2698 quae
323 2630 389 2683 mihi
401 2630 473 2684 bona
482 2629 609 2699 malaque
616 2648 677 2685 esse
686 2631 825 2697 intellexi3
836 2647 899 2684 nam
911 2630 985 2684 idem

137 2707 206 2760 velle
225 2709 310 2775 atque
329 2707 403 2761 idem
423 2705 502 2771 nolle,
521 2722 554 2759 ea
570 2706 680 2765 demum
699 2708 778 2761 firma
798 2706 918 2760 amicitia
935 2709 985 2760 est

137 2782 192 2837 Sed
210 2799 262 2851 ego
278 2799 349 2852 qnae
367 2786 460 2836 mente
478 2782 588 2853 agitari,
600 2799 694 2837 omnes
708 2783 768 2851 jam
784 2785 866 2836 antea
883 2783 986 2855 divorsi

136 2860 236 2913 ιιιιιὶιι
216 2863 259 2913 ιιι
278 2860 407 2915 Ceterum
420 2859 506 2912 mihi
499 2876 527 2912 ιιι
540 2858 600 2912 dies
611 2860 697 2928 magis
705 2860 812 2913 animus
820 2848 985 2927 accenditur,

136 2953 220 3003 quum
243 2937 386 2991 considero
410 2953 480 3005 quae
505 2935 691 2989 condiciot
651 2938 676 2990 vi
679 2940 724 2990 tae
747 2937 841 2993 futura
864 2935 909 3002 sit,
932 2930 986 2989 nisi

137 3014 262 3066 nosmet
255 3030 306 3082 rpsi
299 3013 508 3068 vmd1camus
501 3029 529 3065 m
547 3012 660 3066 libertat
631 3000 725 3066 at.em'
777 3029 820 3065 am
838 3015 986 3082 postquam

136 3105 180 3142 res
192 3089 340 3157 publicam
351 3106 499 3160 paucorum
516 3089 672 3157 potentium
686 3084 734 3156 jus
801 3104 836 3143 ue
848 3088 986 3143 dicionem

136 3167 275 3232 concessit,
288 3182 396 3236 semper
413 3165 467 3220 illis
484 3180 571 3232 reges,
583 3165 740 3219 tetrarchae
750 3164 900 3232 vectigales
917 3181 986 3235 esse,
