2275 3425
135 98 167 160 ol
341 175 344 179 ,
383 113 410 160 c.
430 111 606 160 sanuusnr
625 110 741 159 onrsrr

91 198 93 201 ’
136 193 260 244 mentum
279 191 407 259 scribere,
428 190 463 244 ab
487 191 566 243 sociis
590 192 620 243 et
642 190 751 243 nomine
770 188 869 243 Latino
887 190 989 244 auxilia

135 282 281 333 arcessere,
291 266 410 335 denique
422 266 546 319 omnibus
558 265 647 319 modis
658 265 796 319 festinare.
820 267 937 320 Senatus
948 268 989 321 ita

136 343 177 396 uti
191 359 242 412 par
254 343 345 396 luerat
358 342 489 409 decernit,
501 358 550 395 suo
562 346 647 410 atque
658 342 752 411 populi
766 342 871 411 injussu
884 343 988 397 nullum

135 419 257 491 potuisse
273 418 372 472 foedus
385 419 453 472 fieri.
489 418 589 472 Consul
603 416 753 486 impeditus
767 435 784 471 a
798 417 916 472 tribunis
930 420 989 489 ple-

135 495 186 563 bis,
204 512 239 548 ne
258 511 327 564 quas
345 498 491 562 paraverat
514 495 604 562 copias
629 509 720 547 secum
744 498 875 562 portaret,
895 496 989 565 paucis

136 572 232 626 diebus
250 572 278 624 in
297 571 422 625 Africam
439 570 636 639 proficiscitur3
658 587 720 623 nam
739 570 826 623 omnis
844 572 988 639 exercitus,

135 650 177 704 uti
189 652 359 716 convenerat,
369 647 501 701 Numidia
510 646 646 700 deductus
657 646 686 699 in
695 646 833 714 provincia
843 647 988 702 hiemabat.

137 726 285 793 Postquain
303 742 336 779 eo
354 726 436 790 venit
452 740 617 793 quamquam
634 723 762 792 persequi
776 723 944 792 «Iugurtham
959 727 989 778 et

135 801 240 855 mederi
256 801 394 855 fraternae
411 800 529 854 invidiae
546 799 636 852 animo
652 799 776 867 ardebat,
789 799 903 867 cognitis
919 800 988 852 mili·
1074 840 1080 849 .

136 877 216 943 tibus,
228 893 296 944 quos
310 881 421 945 praeter
436 876 528 944 fugam
544 875 633 929 soluto
649 875 763 943 imperio
778 875 889 930 licentia
904 879 988 944 atque

135 952 245 1006 lascivia
268 956 435 1021 corruperat,
454 968 489 1006 ex
512 951 589 1020 eopia
612 966 706 1004 rernm
729 952 828 1005 statuit
848 951 900 1004 sibi
920 951 987 1005 nihil

135 1028 325 1100 agitandum,

187 1112 228 1159 40.
254 1104 368 1159 Interim
382 1104 485 1158 Romae
497 1104 527 1160 O.
540 1104 678 1159 Mamilius
690 1103 850 1157 Limetanus
861 1103 988 1159 tribunus

135 1180 224 1249 plebis
241 1181 410 1249 rogationem
428 1180 464 1234 ad
482 1181 612 1249 populum
632 1179 796 1248 promulgat,
815 1181 856 1233 uti
875 1197 988 1248 quaere

136 1260 214 1311 retur
232 1258 260 1310 in
280 1261 333 1322 eos,
352 1274 467 1325 quorum
487 1256 598 1310 consilio
614 1254 754 1323 Jugurtha
771 1256 859 1309 senati
876 1255 988 1310 decreta

136 1332 309 1401 neglegisset‚
327 1333 427 1401 quique
443 1331 478 1385 ab
497 1348 530 1385 eo
548 1331 577 1384 in
597 1330 780 1398 legationibus
799 1334 847 1398 aut
865 1331 987 1399 imperiis

136 1409 264 1476 pecunias
287 1408 462 1479 accepissent,
482 1409 530 1476 qui
553 1407 712 1476 elephantos
736 1407 837 1475 quique
858 1407 987 1476 perfugas

137 1483 324 1550 tradidissent,
339 1484 407 1538 item
426 1484 473 1553 qui
493 1483 529 1537 de
547 1501 615 1553 paoc
634 1486 682 1536 aut
699 1481 771 1536 bello
785 1500 846 1536 cum
863 1483 987 1539 hostibus

136 1561 276 1630 pactiones
290 1560 428 1614 fecissent.
464 1560 537 1614 Huic
551 1558 686 1627 rogationi
700 1558 801 1627 partim
813 1559 913 1612 conscii
927 1560 987 1627 sibi,

136 1637 182 1690 alii
206 1654 240 1691 ex
262 1636 384 1704 partium
407 1636 509 1689 invidia
531 1636 653 1704 periorda
676 1637 837 1701 metuentes,
860 1635 987 1703 quoniam

136 1722 233 1790 aperte
245 1715 373 1767 resistere
390 1729 444 1765 non
459 1715 590 1781 poterant
606 1712 671 1780 quin
688 1709 734 1764 illa
748 1714 777 1764 et
789 1710 842 1764 alia
853 1712 919 1765 talia
930 1713 987 1779 pla

137 1806 200 1844 cere
216 1789 267 1844 sibi
282 1789 444 1853 faterentur,
457 1788 561 1842 occulte
576 1804 626 1857 per
638 1787 739 1840 amicos
754 1804 786 1841 ao
800 1804 926 1842 maxume
937 1804 989 1857 per

136 1866 260 1919 homines
276 1864 391 1918 nominis
405 1863 498 1917 Latini
514 1867 543 1917 et
559 1864 645 1917 socios
663 1862 776 1916 Italicos
791 1864 988 1933 impedimenta

136 1941 279 2011 parabant.
314 1940 370 1995 Sed
387 1938 481 2006 plebes
498 1939 658 1993 incredibile
675 1941 827 1992 memoratu
841 1943 891 2008 est,
906 1956 987 2008 quam

137 2018 243 2071 intenta
255 2016 340 2069 fuerit
354 2021 511 2084 quantaque
524 2015 551 2069 ri
569 2016 739 2082 rogationem
752 2014 875 2082 jusserit,
893 2015 988 2070 decre

137 2094 215 2158 verit,
225 2092 350 2157 voluerit,
360 2092 446 2159 magis
458 2092 522 2145 odio
535 2091 695 2159 nobilitatis,
706 2092 749 2145 oui
765 2091 836 2145 mala
849 2091 897 2145 illa
910 2108 988 2160 para-
1058 2142 1060 2148 .

137 2168 245 2233 bantur,
254 2184 337 2236 quam
346 2184 411 2221 cura
423 2168 463 2221 rei
475 2167 615 2236 publicae3
630 2169 708 2220 tanta
720 2167 814 2220 lubido
822 2169 851 2219 iu
863 2168 988 2236 partibus

138 2252 205 2299 erat.
242 2244 331 2311 Igitur
348 2244 447 2296 ceteris
464 2247 540 2297 metu
557 2243 697 2311 perculsis,
715 2243 753 2297 M.
766 2243 891 2312 Scaurus,
905 2261 987 2311 quenr

137 2322 258 2388 legatum
276 2319 387 2372 Bestiae
404 2319 496 2372 fuisse·
506 2336 588 2387 supra
603 2320 750 2387 docuimus,
764 2319 836 2372 inter
853 2319 987 2374 laetitiam

136 2396 225 2466 plebis
234 2399 263 2449 et
276 2411 386 2448 suorum
397 2395 497 2463 fugam,
505 2395 615 2463 trepida
624 2396 768 2449 etiamtum
777 2395 895 2464 civitate,
903 2412 987 2465 quum

137 2490 171 2527 ex
190 2471 294 2525 Mamili
314 2472 455 2538 rogatione
473 2475 530 2524 tres
548 2471 717 2539 quaesitores
735 2474 905 2538 rogarentur,
925 2472 988 2526 effe-

137 2552 213 2603 cerat
230 2552 262 2602 ut
281 2548 340 2616 ipse
359 2547 386 2599 in
406 2564 439 2600 eo
462 2564 576 2600 numero
596 2555 743 2601 crearetur.
785 2546 841 2601 Sed
864 2549 988 2615 quaestio

137 2624 257 2680 exercita
271 2639 366 2691 aspere
378 2623 564 2691 violenterque
579 2640 613 2677 ex
628 2639 737 2677 rumore
751 2626 780 2677 et
794 2623 916 2678 lubidine
929 2624 987 2693 ple

136 2701 193 2767 bis;
210 2704 243 2754 ut
257 2687 530 2768 saepe'nobilitatem‚
548 2701 587 2754 sic
601 2716 634 2753 ea
647 2702 812 2769 tempestate
826 2698 934 2768 plebem
951 2717 987 2753 ex

137 2776 264 2832 secundis
276 2776 358 2830 rebus
369 2776 514 2830 insolentia
525 2780 643 2844 ceperat.

189 2859 231 2906 41.
266 2854 395 2908 Ceterum
416 2868 474 2905 mos
492 2853 612 2921 partium
633 2852 804 2921 popularium
825 2857 856 2908 et
876 2852 989 2906 senatus

137 2929 286 2983 lactionum
306 2946 338 2983 ac
357 2928 458 2982 deinde
479 2928 599 2981 omnium
618 2928 749 2982 malarum
770 2930 872 2982 artium
893 2927 990 2998 paucis

137 3008 202 3057 ante
230 3005 307 3057 annis
337 3004 440 3058 Romae
463 3008 540 3058 ortus
563 3008 608 3057 est
630 3004 686 3057 otio
712 3010 795 3072 atque
819 3004 990 3059 abundantia

138 3085 232 3133 earum
243 3096 343 3147 rerum,
360 3097 430 3149 quae
441 3079 529 3148 prima
545 3080 674 3133 mortales
688 3079 799 3134 ducunt.
836 3081 908 3135 Nam
922 3084 990 3135 ante

139 3153 331 3221 Carthaginem
347 3154 467 3208 deletam
483 3154 600 3222 populus
610 3165 640 3207 et
653 3161 764 3209 senatus
780 3156 920 3211 Romanus
931 3156 990 3225 pla·
