<?xml version="1.0" encoding="UTF-8"?>
<!DOCTYPE html PUBLIC "-//W3C//DTD XHTML 1.0 Transitional//EN"
    "http://www.w3.org/TR/xhtml1/DTD/xhtml1-transitional.dtd">
<html xmlns="http://www.w3.org/1999/xhtml" xml:lang="en" lang="en">
 <head>
  <title>
</title>
<meta http-equiv="Content-Type" content="text/html;charset=utf-8" />
  <meta name='ocr-system' content='tesseract 3.04.00' />
  <meta name='ocr-capabilities' content='ocr_page ocr_carea ocr_par ocr_line ocrx_word'/>
</head>
<body>
  <div class='ocr_page' id='page_1' title='image "./csallusticrispi00longgoog_0076.png"; bbox 0 0 2275 3425; ppageno 0'>
   <div class='ocr_carea' id='block_1_1' title="bbox 156 100 768 152">
    <p class='ocr_par' dir='ltr' id='par_1_1' title="bbox 156 100 768 152">
     <span class='ocr_line' id='line_1_1' title="bbox 156 100 768 152; baseline -0.008 0"><span class='ocrx_word' id='word_1_1' title='bbox 156 104 198 152; x_wconf 79' lang='grc'>’62</span> <span class='ocrx_word' id='word_1_2' title='bbox 410 103 439 151; x_wconf 85' lang='lat' dir='ltr'>C.</span> <span class='ocrx_word' id='word_1_3' title='bbox 457 100 632 151; x_wconf 86' lang='lat' dir='ltr'>SALLUSTI</span> <span class='ocrx_word' id='word_1_4' title='bbox 651 100 768 149; x_wconf 82' lang='lat' dir='ltr'>CRISPI</span> 
     </span>
    </p>
   </div>
   <div class='ocr_carea' id='block_1_2' title="bbox 127 181 1015 2681">
    <p class='ocr_par' dir='ltr' id='par_1_2' title="bbox 162 181 1015 693">
     <span class='ocr_line' id='line_1_2' title="bbox 165 181 1015 251; baseline 0 -15"><span class='ocrx_word' id='word_1_5' title='bbox 165 182 260 251; x_wconf 88' lang='lat' dir='ltr'>mittit,</span> <span class='ocrx_word' id='word_1_6' title='bbox 280 184 385 237; x_wconf 83' lang='lat' dir='ltr'>veritus</span> <span class='ocrx_word' id='word_1_7' title='bbox 404 199 440 237; x_wconf 89' lang='lat' dir='ltr'>ne</span> <span class='ocrx_word' id='word_1_8' title='bbox 459 182 581 251; x_wconf 89' lang='lat' dir='ltr'>reliquos</span> <span class='ocrx_word' id='word_1_9' title='bbox 603 183 741 251; x_wconf 86' lang='lat' dir='ltr'>popularis</span> <span class='ocrx_word' id='word_1_10' title='bbox 762 184 853 235; x_wconf 88' lang='lat' dir='ltr'>metus</span> <span class='ocrx_word' id='word_1_11' title='bbox 872 181 1015 236; x_wconf 81' lang='lat' dir='ltr'>invaderet</span> 
     </span>
     <span class='ocr_line' id='line_1_3' title="bbox 164 258 1015 328; baseline 0.001 -17"><span class='ocrx_word' id='word_1_12' title='bbox 164 258 278 326; x_wconf 90' lang='lat' dir='ltr'>parendi</span> <span class='ocrx_word' id='word_1_13' title='bbox 296 259 354 325; x_wconf 88' lang='lat' dir='ltr'>sibi,</span> <span class='ocrx_word' id='word_1_14' title='bbox 371 259 394 312; x_wconf 84' lang='lat' dir='ltr'>si</span> <span class='ocrx_word' id='word_1_15' title='bbox 412 259 447 313; x_wconf 95' lang='lat' dir='ltr'>de</span> <span class='ocrx_word' id='word_1_16' title='bbox 465 258 510 312; x_wconf 91' lang='lat' dir='ltr'>illo</span> <span class='ocrx_word' id='word_1_17' title='bbox 527 258 690 327; x_wconf 89' lang='lat' dir='ltr'>supplicium</span> <span class='ocrx_word' id='word_1_18' title='bbox 708 260 848 328; x_wconf 80' lang='lat' dir='ltr'>sumptum</span> <span class='ocrx_word' id='word_1_19' title='bbox 863 258 942 312; x_wconf 83' lang='lat' dir='ltr'>foret.</span> <span class='ocrx_word' id='word_1_20' title='bbox 978 258 1015 313; x_wconf 80' lang='lat' dir='ltr'>Ilt</span> 
     </span>
     <span class='ocr_line' id='line_1_4' title="bbox 163 334 1015 404; baseline 0.004 -18"><span class='ocrx_word' id='word_1_21' title='bbox 163 335 222 402; x_wconf 91' lang='lat' dir='ltr'>ipse</span> <span class='ocrx_word' id='word_1_22' title='bbox 238 334 332 403; x_wconf 82' lang='lat' dir='ltr'>paucis</span> <span class='ocrx_word' id='word_1_23' title='bbox 348 335 446 389; x_wconf 89' lang='lat' dir='ltr'>diebus</span> <span class='ocrx_word' id='word_1_24' title='bbox 460 334 581 404; x_wconf 81' lang='lat' dir='ltr'>[eodem]</span> <span class='ocrx_word' id='word_1_25' title='bbox 598 336 737 404; x_wconf 82' lang='lat' dir='ltr'>profectus</span> <span class='ocrx_word' id='word_1_26' title='bbox 756 339 799 389; x_wconf 89' lang='lat' dir='ltr'>est</span> <span class='ocrx_word' id='word_1_27' title='bbox 811 334 906 403; x_wconf 89' lang='lat' dir='ltr'>jussus</span> <span class='ocrx_word' id='word_1_28' title='bbox 921 335 956 389; x_wconf 91' lang='lat' dir='ltr'>ab</span> <span class='ocrx_word' id='word_1_29' title='bbox 973 352 1015 389; x_wconf 90' lang='lat' dir='ltr'>se-</span> 
     </span>
     <span class='ocr_line' id='line_1_5' title="bbox 163 411 1014 481; baseline 0.004 -18"><span class='ocrx_word' id='word_1_30' title='bbox 163 414 231 464; x_wconf 92' lang='lat' dir='ltr'>natu</span> <span class='ocrx_word' id='word_1_31' title='bbox 252 411 335 464; x_wconf 87' lang='lat' dir='ltr'>Italia</span> <span class='ocrx_word' id='word_1_32' title='bbox 355 411 497 466; x_wconf 78' lang='lat' dir='ltr'>decedere.</span> <span class='ocrx_word' id='word_1_33' title='bbox 534 412 590 465; x_wconf 84' lang='lat' dir='ltr'>Sed</span> <span class='ocrx_word' id='word_1_34' title='bbox 613 417 758 481; x_wconf 83' lang='lat' dir='ltr'>postquam</span> <span class='ocrx_word' id='word_1_35' title='bbox 780 413 867 465; x_wconf 86' lang='lat' dir='ltr'>Roma</span> <span class='ocrx_word' id='word_1_36' title='bbox 888 429 1014 479; x_wconf 86' lang='lat' dir='ltr'>egressus</span> 
     </span>
     <span class='ocr_line' id='line_1_6' title="bbox 162 487 1012 557; baseline 0.002 -18"><span class='ocrx_word' id='word_1_37' title='bbox 162 490 214 553; x_wconf 89' lang='lat' dir='ltr'>est,</span> <span class='ocrx_word' id='word_1_38' title='bbox 227 487 317 540; x_wconf 83' lang='lat' dir='ltr'>fertur</span> <span class='ocrx_word' id='word_1_39' title='bbox 330 504 410 555; x_wconf 82' lang='lat' dir='ltr'>saepe</span> <span class='ocrx_word' id='word_1_40' title='bbox 423 504 455 541; x_wconf 92' lang='lat' dir='ltr'>eo</span> <span class='ocrx_word' id='word_1_41' title='bbox 471 489 573 541; x_wconf 88' lang='lat' dir='ltr'>tacitus</span> <span class='ocrx_word' id='word_1_42' title='bbox 590 488 737 556; x_wconf 83' lang='lat' dir='ltr'>respiciens</span> <span class='ocrx_word' id='word_1_43' title='bbox 753 491 892 557; x_wconf 89' lang='lat' dir='ltr'>postremo</span> <span class='ocrx_word' id='word_1_44' title='bbox 904 488 1012 555; x_wconf 80' lang='lat' dir='ltr'>dixisse,</span> 
     </span>
     <span class='ocr_line' id='line_1_7' title="bbox 163 561 1012 632; baseline 0.001 -17"><span class='ocrx_word' id='word_1_45' title='bbox 163 561 292 615; x_wconf 91' lang='lat' dir='ltr'>“Urbem</span> <span class='ocrx_word' id='word_1_46' title='bbox 313 564 437 617; x_wconf 87' lang='lat' dir='ltr'>venalem</span> <span class='ocrx_word' id='word_1_47' title='bbox 457 567 487 617; x_wconf 92' lang='lat' dir='ltr'>et</span> <span class='ocrx_word' id='word_1_48' title='bbox 507 569 615 617; x_wconf 89' lang='lat' dir='ltr'>mature</span> <span class='ocrx_word' id='word_1_49' title='bbox 635 563 794 632; x_wconf 90' lang='lat' dir='ltr'>perituram,</span> <span class='ocrx_word' id='word_1_50' title='bbox 815 563 839 616; x_wconf 86' lang='lat' dir='ltr'>si</span> <span class='ocrx_word' id='word_1_51' title='bbox 859 566 1012 631; x_wconf 82' lang='lat' dir='ltr'>emptorem</span> 
     </span>
     <span class='ocr_line' id='line_1_8' title="bbox 162 637 320 693; baseline 0.006 -3"><span class='ocrx_word' id='word_1_52' title='bbox 162 637 320 693; x_wconf 83' lang='lat' dir='ltr'>invenerit.’&#39;</span> 
     </span>
    </p>

    <p class='ocr_par' dir='ltr' id='par_1_3' title="bbox 127 714 1012 1832">
     <span class='ocr_line' id='line_1_9' title="bbox 214 714 1010 784; baseline 0.001 -16"><span class='ocrx_word' id='word_1_53' title='bbox 214 720 253 768; x_wconf 79' lang='grc'>36.</span> <span class='ocrx_word' id='word_1_54' title='bbox 290 715 406 769; x_wconf 89' lang='lat' dir='ltr'>Interim</span> <span class='ocrx_word' id='word_1_55' title='bbox 429 716 547 769; x_wconf 88' lang='lat' dir='ltr'>Albinus</span> <span class='ocrx_word' id='word_1_56' title='bbox 572 718 702 773; x_wconf 86' lang='lat' dir='ltr'>renovato</span> <span class='ocrx_word' id='word_1_57' title='bbox 725 714 798 770; x_wconf 92' lang='lat' dir='ltr'>bello</span> <span class='ocrx_word' id='word_1_58' title='bbox 821 720 1010 784; x_wconf 85' lang='lat' dir='ltr'>commeatum,</span> 
     </span>
     <span class='ocr_line' id='line_1_10' title="bbox 161 790 1012 859; baseline 0.006 -17"><span class='ocrx_word' id='word_1_59' title='bbox 161 790 329 858; x_wconf 75' lang='lat' dir='ltr'>stipendium</span> <span class='ocrx_word' id='word_1_60' title='bbox 343 791 458 859; x_wconf 88' lang='lat' dir='ltr'>aliaque,</span> <span class='ocrx_word' id='word_1_61' title='bbox 471 809 541 859; x_wconf 87' lang='lat' dir='ltr'>quae</span> <span class='ocrx_word' id='word_1_62' title='bbox 557 792 689 845; x_wconf 86' lang='lat' dir='ltr'>militibus</span> <span class='ocrx_word' id='word_1_63' title='bbox 703 793 764 845; x_wconf 86' lang='lat' dir='ltr'>usui</span> <span class='ocrx_word' id='word_1_64' title='bbox 779 793 877 857; x_wconf 77' lang='lat' dir='ltr'>forent,</span> <span class='ocrx_word' id='word_1_65' title='bbox 891 793 1012 847; x_wconf 88' lang='lat' dir='ltr'>maturat</span> 
     </span>
     <span class='ocr_line' id='line_1_11' title="bbox 161 867 1012 936; baseline 0.006 -19"><span class='ocrx_word' id='word_1_66' title='bbox 161 867 188 919; x_wconf 90' lang='lat' dir='ltr'>in</span> <span class='ocrx_word' id='word_1_67' title='bbox 209 867 332 919; x_wconf 81' lang='lat' dir='ltr'>Africam</span> <span class='ocrx_word' id='word_1_68' title='bbox 350 873 475 935; x_wconf 88' lang='lat' dir='ltr'>portare;</span> <span class='ocrx_word' id='word_1_69' title='bbox 495 885 528 922; x_wconf 90' lang='lat' dir='ltr'>ao</span> <span class='ocrx_word' id='word_1_70' title='bbox 546 869 639 921; x_wconf 86' lang='lat' dir='ltr'>statim</span> <span class='ocrx_word' id='word_1_71' title='bbox 657 868 716 936; x_wconf 90' lang='lat' dir='ltr'>ipse</span> <span class='ocrx_word' id='word_1_72' title='bbox 734 868 880 936; x_wconf 86' lang='lat' dir='ltr'>prefectus,</span> <span class='ocrx_word' id='word_1_73' title='bbox 895 871 929 921; x_wconf 88' lang='lat' dir='ltr'>ut</span> <span class='ocrx_word' id='word_1_74' title='bbox 947 873 1012 922; x_wconf 88' lang='lat' dir='ltr'>ante</span> 
     </span>
     <span class='ocr_line' id='line_1_12' title="bbox 160 943 1012 1011; baseline 0.005 -17"><span class='ocrx_word' id='word_1_75' title='bbox 160 943 276 1011; x_wconf 79' lang='lat' dir='ltr'>corrritia,</span> <span class='ocrx_word' id='word_1_76' title='bbox 289 943 363 1011; x_wconf 90' lang='lat' dir='ltr'>quod</span> <span class='ocrx_word' id='word_1_77' title='bbox 379 947 486 1011; x_wconf 83' lang='lat' dir='ltr'>tempus</span> <span class='ocrx_word' id='word_1_78' title='bbox 502 944 577 997; x_wconf 91' lang='lat' dir='ltr'>haud</span> <span class='ocrx_word' id='word_1_79' title='bbox 592 944 672 1011; x_wconf 90' lang='lat' dir='ltr'>longe</span> <span class='ocrx_word' id='word_1_80' title='bbox 683 944 791 1010; x_wconf 83' lang='lat' dir='ltr'>aberat,</span> <span class='ocrx_word' id='word_1_81' title='bbox 804 944 887 996; x_wconf 89' lang='lat' dir='ltr'>armis</span> <span class='ocrx_word' id='word_1_82' title='bbox 903 946 951 996; x_wconf 91' lang='lat' dir='ltr'>aut</span> <span class='ocrx_word' id='word_1_83' title='bbox 966 944 1012 998; x_wconf 88' lang='lat' dir='ltr'>de-</span> 
     </span>
     <span class='ocr_line' id='line_1_13' title="bbox 160 1018 1012 1087; baseline 0.005 -17"><span class='ocrx_word' id='word_1_84' title='bbox 160 1018 264 1072; x_wconf 88' lang='lat' dir='ltr'>ditione</span> <span class='ocrx_word' id='word_1_85' title='bbox 281 1023 330 1073; x_wconf 87' lang='lat' dir='ltr'>aut</span> <span class='ocrx_word' id='word_1_86' title='bbox 346 1019 440 1087; x_wconf 86' lang='lat' dir='ltr'>quovis</span> <span class='ocrx_word' id='word_1_87' title='bbox 458 1019 540 1072; x_wconf 89' lang='lat' dir='ltr'>modo</span> <span class='ocrx_word' id='word_1_88' title='bbox 556 1019 658 1072; x_wconf 89' lang='lat' dir='ltr'>bellum</span> <span class='ocrx_word' id='word_1_89' title='bbox 675 1020 827 1073; x_wconf 83' lang='lat' dir='ltr'>conficeret.</span> <span class='ocrx_word' id='word_1_90' title='bbox 863 1021 903 1073; x_wconf 78' lang='lat' dir='ltr'>Aa</span> <span class='ocrx_word' id='word_1_91' title='bbox 917 1024 1012 1074; x_wconf 88' lang='lat' dir='ltr'>contra</span> 
     </span>
     <span class='ocr_line' id='line_1_14' title="bbox 160 1094 1012 1163; baseline 0.005 -17"><span class='ocrx_word' id='word_1_92' title='bbox 160 1094 301 1161; x_wconf 85' lang='lat' dir='ltr'>Jugurtha</span> <span class='ocrx_word' id='word_1_93' title='bbox 321 1096 432 1148; x_wconf 80' lang='lat' dir='ltr'>trahere</span> <span class='ocrx_word' id='word_1_94' title='bbox 450 1095 547 1162; x_wconf 87' lang='lat' dir='ltr'>omnia,</span> <span class='ocrx_word' id='word_1_95' title='bbox 567 1099 597 1149; x_wconf 91' lang='lat' dir='ltr'>et</span> <span class='ocrx_word' id='word_1_96' title='bbox 616 1096 691 1163; x_wconf 88' lang='lat' dir='ltr'>alias,</span> <span class='ocrx_word' id='word_1_97' title='bbox 710 1094 811 1148; x_wconf 89' lang='lat' dir='ltr'>deinde</span> <span class='ocrx_word' id='word_1_98' title='bbox 831 1095 898 1151; x_wconf 87' lang='lat' dir='ltr'>elias</span> <span class='ocrx_word' id='word_1_99' title='bbox 918 1112 1012 1150; x_wconf 89' lang='lat' dir='ltr'>morae</span> 
     </span>
     <span class='ocr_line' id='line_1_15' title="bbox 127 1170 1010 1239; baseline 0.001 -15"><span class='ocrx_word' id='word_1_100' title='bbox 127 1206 132 1215; x_wconf 88' lang='lat'>·</span> <span class='ocrx_word' id='word_1_101' title='bbox 159 1186 269 1224; x_wconf 78' lang='lat' dir='ltr'>caussas</span> <span class='ocrx_word' id='word_1_102' title='bbox 287 1171 384 1238; x_wconf 87' lang='lat' dir='ltr'>facere,</span> <span class='ocrx_word' id='word_1_103' title='bbox 404 1171 525 1239; x_wconf 84' lang='lat' dir='ltr'>polliceri</span> <span class='ocrx_word' id='word_1_104' title='bbox 545 1171 715 1224; x_wconf 90' lang='lat' dir='ltr'>deditionem</span> <span class='ocrx_word' id='word_1_105' title='bbox 735 1188 766 1224; x_wconf 91' lang='lat' dir='ltr'>ac</span> <span class='ocrx_word' id='word_1_106' title='bbox 786 1170 887 1224; x_wconf 90' lang='lat' dir='ltr'>deinde</span> <span class='ocrx_word' id='word_1_107' title='bbox 906 1175 1010 1225; x_wconf 91' lang='lat' dir='ltr'>metum</span> 
     </span>
     <span class='ocr_line' id='line_1_16' title="bbox 160 1247 1011 1315; baseline 0.004 -18"><span class='ocrx_word' id='word_1_108' title='bbox 160 1247 295 1313; x_wconf 87' lang='lat' dir='ltr'>simulare,</span> <span class='ocrx_word' id='word_1_109' title='bbox 313 1247 411 1300; x_wconf 83' lang='lat' dir='ltr'>cedere</span> <span class='ocrx_word' id='word_1_110' title='bbox 429 1247 543 1300; x_wconf 86' lang='lat' dir='ltr'>instanti</span> <span class='ocrx_word' id='word_1_111' title='bbox 561 1250 590 1300; x_wconf 87' lang='lat' dir='ltr'>et</span> <span class='ocrx_word' id='word_1_112' title='bbox 608 1247 689 1315; x_wconf 90' lang='lat' dir='ltr'>paulo</span> <span class='ocrx_word' id='word_1_113' title='bbox 707 1250 777 1314; x_wconf 88' lang='lat' dir='ltr'>post,</span> <span class='ocrx_word' id='word_1_114' title='bbox 795 1262 830 1299; x_wconf 90' lang='lat' dir='ltr'>ne</span> <span class='ocrx_word' id='word_1_115' title='bbox 848 1247 889 1299; x_wconf 90' lang='lat' dir='ltr'>sui</span> <span class='ocrx_word' id='word_1_116' title='bbox 908 1247 1011 1300; x_wconf 84' lang='lat' dir='ltr'>diffide</span> 
     </span>
     <span class='ocr_line' id='line_1_17' title="bbox 158 1321 1010 1390; baseline 0.002 -16"><span class='ocrx_word' id='word_1_117' title='bbox 158 1327 228 1386; x_wconf 87' lang='lat' dir='ltr'>rent,</span> <span class='ocrx_word' id='word_1_118' title='bbox 240 1323 358 1387; x_wconf 90' lang='lat' dir='ltr'>instare;</span> <span class='ocrx_word' id='word_1_119' title='bbox 375 1322 415 1375; x_wconf 89' lang='lat' dir='ltr'>ita</span> <span class='ocrx_word' id='word_1_120' title='bbox 426 1321 491 1376; x_wconf 92' lang='lat' dir='ltr'>belli</span> <span class='ocrx_word' id='word_1_121' title='bbox 502 1323 592 1388; x_wconf 88' lang='lat' dir='ltr'>modo,</span> <span class='ocrx_word' id='word_1_122' title='bbox 605 1322 772 1390; x_wconf 83' lang='lat' dir='ltr'>modopacis</span> <span class='ocrx_word' id='word_1_123' title='bbox 783 1338 860 1375; x_wconf 90' lang='lat' dir='ltr'>mora</span> <span class='ocrx_word' id='word_1_124' title='bbox 872 1322 1010 1376; x_wconf 87' lang='lat' dir='ltr'>consulem</span> 
     </span>
     <span class='ocr_line' id='line_1_18' title="bbox 158 1397 1009 1467; baseline 0.002 -17"><span class='ocrx_word' id='word_1_125' title='bbox 158 1398 307 1452; x_wconf 86' lang='lat' dir='ltr'>ludificare.</span> <span class='ocrx_word' id='word_1_126' title='bbox 343 1401 385 1453; x_wconf 83' lang='lat' dir='ltr'>Ac</span> <span class='ocrx_word' id='word_1_127' title='bbox 405 1399 482 1451; x_wconf 85' lang='lat' dir='ltr'>fuere</span> <span class='ocrx_word' id='word_1_128' title='bbox 502 1399 548 1467; x_wconf 91' lang='lat' dir='ltr'>qui</span> <span class='ocrx_word' id='word_1_129' title='bbox 568 1402 627 1452; x_wconf 91' lang='lat' dir='ltr'>tum</span> <span class='ocrx_word' id='word_1_130' title='bbox 644 1397 775 1451; x_wconf 85' lang='lat' dir='ltr'>Albinum</span> <span class='ocrx_word' id='word_1_131' title='bbox 793 1398 868 1450; x_wconf 92' lang='lat' dir='ltr'>haud</span> <span class='ocrx_word' id='word_1_132' title='bbox 885 1398 1009 1466; x_wconf 90' lang='lat' dir='ltr'>ignarum</span> 
     </span>
     <span class='ocr_line' id='line_1_19' title="bbox 159 1474 1010 1543; baseline 0.001 -17"><span class='ocrx_word' id='word_1_133' title='bbox 159 1474 251 1527; x_wconf 87' lang='lat' dir='ltr'>consili</span> <span class='ocrx_word' id='word_1_134' title='bbox 269 1474 342 1541; x_wconf 85' lang='lat' dir='ltr'>regis</span> <span class='ocrx_word' id='word_1_135' title='bbox 361 1474 565 1540; x_wconf 79' lang='lat' dir='ltr'>existumarent,</span> <span class='ocrx_word' id='word_1_136' title='bbox 579 1489 667 1542; x_wconf 84' lang='lat' dir='ltr'>neque</span> <span class='ocrx_word' id='word_1_137' title='bbox 685 1490 720 1527; x_wconf 90' lang='lat' dir='ltr'>ex</span> <span class='ocrx_word' id='word_1_138' title='bbox 737 1476 816 1527; x_wconf 87' lang='lat' dir='ltr'>tanta</span> <span class='ocrx_word' id='word_1_139' title='bbox 833 1474 1010 1543; x_wconf 88' lang='lat' dir='ltr'>properantia</span> 
     </span>
     <span class='ocr_line' id='line_1_20' title="bbox 157 1549 1009 1618; baseline 0.001 -16"><span class='ocrx_word' id='word_1_140' title='bbox 157 1554 215 1602; x_wconf 88' lang='lat' dir='ltr'>tam</span> <span class='ocrx_word' id='word_1_141' title='bbox 236 1550 315 1603; x_wconf 81' lang='lat' dir='ltr'>facile</span> <span class='ocrx_word' id='word_1_142' title='bbox 333 1553 453 1604; x_wconf 89' lang='lat' dir='ltr'>tractum</span> <span class='ocrx_word' id='word_1_143' title='bbox 475 1550 577 1603; x_wconf 90' lang='lat' dir='ltr'>bellum</span> <span class='ocrx_word' id='word_1_144' title='bbox 598 1549 721 1603; x_wconf 90' lang='lat' dir='ltr'>secordia</span> <span class='ocrx_word' id='word_1_145' title='bbox 739 1549 826 1617; x_wconf 85' lang='lat' dir='ltr'>magis</span> <span class='ocrx_word' id='word_1_146' title='bbox 844 1567 926 1618; x_wconf 90' lang='lat' dir='ltr'>quam</span> <span class='ocrx_word' id='word_1_147' title='bbox 945 1550 1009 1604; x_wconf 93' lang='lat' dir='ltr'>dolo</span> 
     </span>
     <span class='ocr_line' id='line_1_21' title="bbox 157 1625 1008 1695; baseline 0.001 -16"><span class='ocrx_word' id='word_1_148' title='bbox 157 1626 311 1680; x_wconf 86' lang='lat' dir='ltr'>crederent.</span> <span class='ocrx_word' id='word_1_149' title='bbox 346 1626 402 1679; x_wconf 82' lang='lat' dir='ltr'>Sed</span> <span class='ocrx_word' id='word_1_150' title='bbox 417 1629 562 1695; x_wconf 81' lang='lat' dir='ltr'>postquam</span> <span class='ocrx_word' id='word_1_151' title='bbox 577 1625 682 1694; x_wconf 87' lang='lat' dir='ltr'>dilapso</span> <span class='ocrx_word' id='word_1_152' title='bbox 698 1629 823 1694; x_wconf 86' lang='lat' dir='ltr'>ternpore</span> <span class='ocrx_word' id='word_1_153' title='bbox 836 1625 1008 1680; x_wconf 86' lang='lat' dir='ltr'>comitiorum</span> 
     </span>
     <span class='ocr_line' id='line_1_22' title="bbox 156 1701 1009 1772; baseline 0 -16"><span class='ocrx_word' id='word_1_154' title='bbox 156 1702 216 1756; x_wconf 88' lang='lat' dir='ltr'>dies</span> <span class='ocrx_word' id='word_1_155' title='bbox 228 1701 402 1770; x_wconf 79' lang='lat' dir='ltr'>adventabat,</span> <span class='ocrx_word' id='word_1_156' title='bbox 412 1702 529 1756; x_wconf 85' lang='lat' dir='ltr'>Albinus</span> <span class='ocrx_word' id='word_1_157' title='bbox 538 1701 610 1755; x_wconf 88' lang='lat' dir='ltr'>Aulo</span> <span class='ocrx_word' id='word_1_158' title='bbox 622 1702 708 1755; x_wconf 87' lang='lat' dir='ltr'>fratre</span> <span class='ocrx_word' id='word_1_159' title='bbox 719 1702 747 1755; x_wconf 91' lang='lat' dir='ltr'>in</span> <span class='ocrx_word' id='word_1_160' title='bbox 759 1702 857 1756; x_wconf 84' lang='lat' dir='ltr'>castris</span> <span class='ocrx_word' id='word_1_161' title='bbox 868 1719 921 1772; x_wconf 66' lang='lat' dir='ltr'>pro⁴</span> <span class='ocrx_word' id='word_1_162' title='bbox 930 1719 1009 1772; x_wconf 84' lang='lat' dir='ltr'>prae·</span> 
     </span>
     <span class='ocr_line' id='line_1_23' title="bbox 155 1778 590 1832; baseline -0.002 0"><span class='ocrx_word' id='word_1_163' title='bbox 155 1783 216 1832; x_wconf 87' lang='lat' dir='ltr'>tore</span> <span class='ocrx_word' id='word_1_164' title='bbox 228 1779 324 1832; x_wconf 88' lang='lat' dir='ltr'>relicto</span> <span class='ocrx_word' id='word_1_165' title='bbox 338 1778 453 1832; x_wconf 85' lang='lat' dir='ltr'>Romam</span> <span class='ocrx_word' id='word_1_166' title='bbox 466 1778 590 1832; x_wconf 88' lang='lat' dir='ltr'>decessit.</span> 
     </span>
    </p>

    <p class='ocr_par' dir='ltr' id='par_1_4' title="bbox 144 1853 1007 2681">
     <span class='ocr_line' id='line_1_24' title="bbox 208 1853 1007 1921; baseline -0.001 -11"><span class='ocrx_word' id='word_1_167' title='bbox 208 1858 248 1912; x_wconf 88' lang='grc'>37.</span> <span class='ocrx_word' id='word_1_168' title='bbox 284 1855 325 1907; x_wconf 83' lang='lat' dir='ltr'>Ea</span> <span class='ocrx_word' id='word_1_169' title='bbox 343 1858 509 1921; x_wconf 86' lang='lat' dir='ltr'>tempestate</span> <span class='ocrx_word' id='word_1_170' title='bbox 530 1854 635 1908; x_wconf 88' lang='lat' dir='ltr'>Romae</span> <span class='ocrx_word' id='word_1_171' title='bbox 653 1853 835 1908; x_wconf 87' lang='lat' dir='ltr'>seditionibus</span> <span class='ocrx_word' id='word_1_172' title='bbox 854 1854 1007 1909; x_wconf 88' lang='lat' dir='ltr'>tribuniciis</span> 
     </span>
     <span class='ocr_line' id='line_1_25' title="bbox 156 1928 1005 1997; baseline 0 -13"><span class='ocrx_word' id='word_1_173' title='bbox 156 1932 286 1985; x_wconf 87' lang='lat' dir='ltr'>atrociter</span> <span class='ocrx_word' id='word_1_174' title='bbox 309 1946 354 1984; x_wconf 90' lang='lat' dir='ltr'>res</span> <span class='ocrx_word' id='word_1_175' title='bbox 377 1930 485 1996; x_wconf 87' lang='lat' dir='ltr'>publiea</span> <span class='ocrx_word' id='word_1_176' title='bbox 508 1929 671 1997; x_wconf 81' lang='lat' dir='ltr'>agitabatur.</span> <span class='ocrx_word' id='word_1_177' title='bbox 715 1929 745 1982; x_wconf 93' lang='lat' dir='ltr'>P.</span> <span class='ocrx_word' id='word_1_178' title='bbox 767 1928 896 1982; x_wconf 87' lang='lat' dir='ltr'>Lucullus</span> <span class='ocrx_word' id='word_1_179' title='bbox 920 1933 949 1983; x_wconf 89' lang='lat' dir='ltr'>et</span> <span class='ocrx_word' id='word_1_180' title='bbox 973 1930 1005 1985; x_wconf 87' lang='lat' dir='ltr'>L.</span> 
     </span>
     <span class='ocr_line' id='line_1_26' title="bbox 144 2004 1006 2073; baseline 0.003 -17"><span class='ocrx_word' id='word_1_181' title='bbox 144 2007 271 2072; x_wconf 69' lang='lat' dir='ltr'>Annius,</span> <span class='ocrx_word' id='word_1_182' title='bbox 284 2007 388 2060; x_wconf 89' lang='lat' dir='ltr'>tribuni</span> <span class='ocrx_word' id='word_1_183' title='bbox 403 2005 498 2073; x_wconf 92' lang='lat' dir='ltr'>plebis,</span> <span class='ocrx_word' id='word_1_184' title='bbox 513 2004 705 2059; x_wconf 82' lang='lat' dir='ltr'>resistentibus</span> <span class='ocrx_word' id='word_1_185' title='bbox 721 2005 831 2072; x_wconf 84' lang='lat' dir='ltr'>collegis</span> <span class='ocrx_word' id='word_1_186' title='bbox 847 2006 1006 2059; x_wconf 87' lang='lat' dir='ltr'>continuare</span> 
     </span>
     <span class='ocr_line' id='line_1_27' title="bbox 155 2080 1006 2150; baseline -0.001 -15"><span class='ocrx_word' id='word_1_187' title='bbox 155 2083 346 2149; x_wconf 87' lang='lat' dir='ltr'>magistratum</span> <span class='ocrx_word' id='word_1_188' title='bbox 363 2081 531 2149; x_wconf 85' lang='lat' dir='ltr'>nitebantur,</span> <span class='ocrx_word' id='word_1_189' title='bbox 545 2098 616 2150; x_wconf 89' lang='lat' dir='ltr'>quae</span> <span class='ocrx_word' id='word_1_190' title='bbox 632 2080 763 2136; x_wconf 86' lang='lat' dir='ltr'>dissensio</span> <span class='ocrx_word' id='word_1_191' title='bbox 780 2081 865 2134; x_wconf 91' lang='lat' dir='ltr'>totius</span> <span class='ocrx_word' id='word_1_192' title='bbox 883 2082 945 2134; x_wconf 88' lang='lat' dir='ltr'>anni</span> <span class='ocrx_word' id='word_1_193' title='bbox 961 2097 1006 2135; x_wconf 91' lang='lat' dir='ltr'>co-</span> 
     </span>
     <span class='ocr_line' id='line_1_28' title="bbox 155 2156 1005 2226; baseline 0.001 -16"><span class='ocrx_word' id='word_1_194' title='bbox 155 2159 232 2211; x_wconf 88' lang='lat' dir='ltr'>mitia</span> <span class='ocrx_word' id='word_1_195' title='bbox 248 2156 424 2226; x_wconf 90' lang='lat' dir='ltr'>impediebat.</span> <span class='ocrx_word' id='word_1_196' title='bbox 460 2157 501 2210; x_wconf 87' lang='lat' dir='ltr'>Ea</span> <span class='ocrx_word' id='word_1_197' title='bbox 518 2173 596 2210; x_wconf 90' lang='lat' dir='ltr'>mora</span> <span class='ocrx_word' id='word_1_198' title='bbox 613 2158 642 2210; x_wconf 91' lang='lat' dir='ltr'>in</span> <span class='ocrx_word' id='word_1_199' title='bbox 661 2173 737 2226; x_wconf 89' lang='lat' dir='ltr'>spem</span> <span class='ocrx_word' id='word_1_200' title='bbox 754 2156 891 2210; x_wconf 86' lang='lat' dir='ltr'>adductus</span> <span class='ocrx_word' id='word_1_201' title='bbox 909 2157 1005 2225; x_wconf 79' lang='lat' dir='ltr'>Aulus,</span> 
     </span>
     <span class='ocr_line' id='line_1_29' title="bbox 156 2232 1003 2302; baseline 0 -16"><span class='ocrx_word' id='word_1_202' title='bbox 156 2250 239 2302; x_wconf 89' lang='lat' dir='ltr'>quem</span> <span class='ocrx_word' id='word_1_203' title='bbox 256 2234 497 2302; x_wconf 77' lang='lat' dir='ltr'>propraetorem</span> <span class='ocrx_word' id='word_1_204' title='bbox 515 2233 612 2286; x_wconf 85' lang='lat' dir='ltr'>castris</span> <span class='ocrx_word' id='word_1_205' title='bbox 630 2232 756 2300; x_wconf 79' lang='lat' dir='ltr'>relictam</span> <span class='ocrx_word' id='word_1_206' title='bbox 774 2248 857 2301; x_wconf 89' lang='lat' dir='ltr'>supra</span> <span class='ocrx_word' id='word_1_207' title='bbox 877 2232 1003 2302; x_wconf 80' lang='lat' dir='ltr'>diximus,</span> 
     </span>
     <span class='ocr_line' id='line_1_30' title="bbox 155 2307 1005 2377; baseline -0.001 -14"><span class='ocrx_word' id='word_1_208' title='bbox 155 2314 203 2364; x_wconf 87' lang='lat' dir='ltr'>aut</span> <span class='ocrx_word' id='word_1_209' title='bbox 214 2309 377 2363; x_wconf 85' lang='lat' dir='ltr'>conficiundi</span> <span class='ocrx_word' id='word_1_210' title='bbox 392 2309 457 2362; x_wconf 91' lang='lat' dir='ltr'>belli</span> <span class='ocrx_word' id='word_1_211' title='bbox 471 2312 520 2362; x_wconf 91' lang='lat' dir='ltr'>aut</span> <span class='ocrx_word' id='word_1_212' title='bbox 531 2313 638 2363; x_wconf 86' lang='lat' dir='ltr'>terrore</span> <span class='ocrx_word' id='word_1_213' title='bbox 651 2309 788 2362; x_wconf 88' lang='lat' dir='ltr'>exercitus</span> <span class='ocrx_word' id='word_1_214' title='bbox 800 2307 835 2361; x_wconf 88' lang='lat' dir='ltr'>ab</span> <span class='ocrx_word' id='word_1_215' title='bbox 847 2324 913 2377; x_wconf 83' lang='lat' dir='ltr'>rege</span> <span class='ocrx_word' id='word_1_216' title='bbox 924 2325 1005 2376; x_wconf 88' lang='lat' dir='ltr'>pecu-</span> 
     </span>
     <span class='ocr_line' id='line_1_31' title="bbox 154 2383 1004 2454; baseline -0.001 -15"><span class='ocrx_word' id='word_1_217' title='bbox 154 2386 216 2439; x_wconf 84' lang='lat' dir='ltr'>niae</span> <span class='ocrx_word' id='word_1_218' title='bbox 234 2385 392 2454; x_wconf 90' lang='lat' dir='ltr'>capiundae,</span> <span class='ocrx_word' id='word_1_219' title='bbox 410 2385 511 2438; x_wconf 89' lang='lat' dir='ltr'>milites</span> <span class='ocrx_word' id='word_1_220' title='bbox 529 2401 622 2438; x_wconf 89' lang='lat' dir='ltr'>mense</span> <span class='ocrx_word' id='word_1_221' title='bbox 637 2385 769 2437; x_wconf 89' lang='lat' dir='ltr'>Januario</span> <span class='ocrx_word' id='word_1_222' title='bbox 785 2401 819 2437; x_wconf 88' lang='lat' dir='ltr'>ex</span> <span class='ocrx_word' id='word_1_223' title='bbox 837 2383 958 2437; x_wconf 87' lang='lat' dir='ltr'>hibernis</span> <span class='ocrx_word' id='word_1_224' title='bbox 976 2386 1004 2438; x_wconf 91' lang='lat' dir='ltr'>in</span> 
     </span>
     <span class='ocr_line' id='line_1_32' title="bbox 154 2460 1005 2531; baseline -0.002 -15"><span class='ocrx_word' id='word_1_225' title='bbox 154 2463 358 2531; x_wconf 87' lang='lat' dir='ltr'>expeditionem</span> <span class='ocrx_word' id='word_1_226' title='bbox 371 2465 474 2527; x_wconf 83' lang='lat' dir='ltr'>evocat,</span> <span class='ocrx_word' id='word_1_227' title='bbox 484 2461 644 2528; x_wconf 82' lang='lat' dir='ltr'>magnisque</span> <span class='ocrx_word' id='word_1_228' title='bbox 656 2460 799 2514; x_wconf 87' lang='lat' dir='ltr'>itineribus</span> <span class='ocrx_word' id='word_1_229' title='bbox 808 2460 897 2513; x_wconf 89' lang='lat' dir='ltr'>hieme</span> <span class='ocrx_word' id='word_1_230' title='bbox 907 2476 1005 2529; x_wconf 86' lang='lat' dir='ltr'>aspera</span> 
     </span>
     <span class='ocr_line' id='line_1_33' title="bbox 154 2535 1005 2609; baseline -0.001 -17"><span class='ocrx_word' id='word_1_231' title='bbox 154 2537 333 2609; x_wconf 83' lang='lat' dir='ltr'>pervenitad</span> <span class='ocrx_word' id='word_1_232' title='bbox 351 2536 483 2605; x_wconf 90' lang='lat' dir='ltr'>oppidum</span> <span class='ocrx_word' id='word_1_233' title='bbox 502 2536 607 2603; x_wconf 83' lang='lat' dir='ltr'>Suthul,</span> <span class='ocrx_word' id='word_1_234' title='bbox 625 2536 672 2589; x_wconf 93' lang='lat' dir='ltr'>ubi</span> <span class='ocrx_word' id='word_1_235' title='bbox 690 2538 763 2604; x_wconf 85' lang='lat' dir='ltr'>regis</span> <span class='ocrx_word' id='word_1_236' title='bbox 780 2535 901 2591; x_wconf 88' lang='lat' dir='ltr'>thesauri</span> <span class='ocrx_word' id='word_1_237' title='bbox 918 2540 1005 2591; x_wconf 77' lang='lat' dir='ltr'>crant,</span> 
     </span>
     <span class='ocr_line' id='line_1_34' title="bbox 155 2612 1004 2681; baseline 0 -15"><span class='ocrx_word' id='word_1_238' title='bbox 155 2614 235 2679; x_wconf 85' lang='lat' dir='ltr'>Quod</span> <span class='ocrx_word' id='word_1_239' title='bbox 251 2630 416 2680; x_wconf 84' lang='lat' dir='ltr'>quamquam</span> <span class='ocrx_word' id='word_1_240' title='bbox 432 2617 461 2667; x_wconf 84' lang='lat' dir='ltr'>et</span> <span class='ocrx_word' id='word_1_241' title='bbox 478 2612 592 2666; x_wconf 87' lang='lat' dir='ltr'>saevitia</span> <span class='ocrx_word' id='word_1_242' title='bbox 603 2612 735 2681; x_wconf 88' lang='lat' dir='ltr'>temporis</span> <span class='ocrx_word' id='word_1_243' title='bbox 751 2616 780 2666; x_wconf 86' lang='lat' dir='ltr'>ct</span> <span class='ocrx_word' id='word_1_244' title='bbox 796 2612 1004 2681; x_wconf 86' lang='lat' dir='ltr'>opportunitate</span> 
     </span>
    </p>
   </div>
   <div class='ocr_carea' id='block_1_3' title="bbox 38 2688 1005 2758">
    <p class='ocr_par' dir='ltr' id='par_1_5' title="bbox 38 2688 1005 2758">
     <span class='ocr_line' id='line_1_35' title="bbox 38 2688 1005 2758; baseline -0.001 -15"><span class='ocrx_word' id='word_1_245' title='bbox 38 2723 42 2730; x_wconf 88' lang='lat'><em>-</em></span> <span class='ocrx_word' id='word_1_246' title='bbox 152 2690 203 2744; x_wconf 91' lang='lat' dir='ltr'>loci</span> <span class='ocrx_word' id='word_1_247' title='bbox 220 2707 308 2758; x_wconf 87' lang='lat' dir='ltr'>neque</span> <span class='ocrx_word' id='word_1_248' title='bbox 320 2689 380 2758; x_wconf 89' lang='lat' dir='ltr'>capi</span> <span class='ocrx_word' id='word_1_249' title='bbox 394 2706 482 2758; x_wconf 87' lang='lat' dir='ltr'>neque</span> <span class='ocrx_word' id='word_1_250' title='bbox 495 2688 615 2742; x_wconf 89' lang='lat' dir='ltr'>obsideri</span> <span class='ocrx_word' id='word_1_251' title='bbox 630 2692 748 2758; x_wconf 87' lang='lat' dir='ltr'>poterat,</span> <span class='ocrx_word' id='word_1_252' title='bbox 760 2704 822 2742; x_wconf 93' lang='lat' dir='ltr'>nam</span> <span class='ocrx_word' id='word_1_253' title='bbox 834 2689 935 2742; x_wconf 87' lang='lat' dir='ltr'>circum</span> <span class='ocrx_word' id='word_1_254' title='bbox 946 2705 1005 2742; x_wconf 89' lang='lat' dir='ltr'>mu-</span> 
     </span>
    </p>
   </div>
   <div class='ocr_carea' id='block_1_4' title="bbox 152 2764 1005 2834">
    <p class='ocr_par' dir='ltr' id='par_1_6' title="bbox 152 2764 1005 2834">
     <span class='ocr_line' id='line_1_36' title="bbox 152 2764 1005 2834; baseline -0.002 -14"><span class='ocrx_word' id='word_1_255' title='bbox 152 2784 213 2820; x_wconf 88' lang='lat' dir='ltr'>rum</span> <span class='ocrx_word' id='word_1_256' title='bbox 226 2767 308 2820; x_wconf 88' lang='lat' dir='ltr'>situm</span> <span class='ocrx_word' id='word_1_257' title='bbox 320 2767 348 2819; x_wconf 92' lang='lat' dir='ltr'>in</span> <span class='ocrx_word' id='word_1_258' title='bbox 359 2766 501 2834; x_wconf 85' lang='lat' dir='ltr'>praerupti</span> <span class='ocrx_word' id='word_1_259' title='bbox 517 2765 617 2817; x_wconf 86' lang='lat' dir='ltr'>montis</span> <span class='ocrx_word' id='word_1_260' title='bbox 630 2770 754 2818; x_wconf 88' lang='lat' dir='ltr'>extremo</span> <span class='ocrx_word' id='word_1_261' title='bbox 768 2764 896 2831; x_wconf 86' lang='lat' dir='ltr'>planities</span> <span class='ocrx_word' id='word_1_262' title='bbox 908 2764 1005 2818; x_wconf 87' lang='lat' dir='ltr'>limosa</span> 
     </span>
    </p>
   </div>
   <div class='ocr_carea' id='block_1_5' title="bbox 151 2837 1004 3214">
    <p class='ocr_par' dir='ltr' id='par_1_7' title="bbox 151 2837 1004 3139">
     <span class='ocr_line' id='line_1_37' title="bbox 152 2837 1003 2913; baseline -0.006 -18"><span class='ocrx_word' id='word_1_263' title='bbox 152 2843 314 2897; x_wconf 90' lang='lat' dir='ltr'>hiemalibus</span> <span class='ocrx_word' id='word_1_264' title='bbox 329 2843 407 2912; x_wconf 90' lang='lat' dir='ltr'>aquis</span> <span class='ocrx_word' id='word_1_265' title='bbox 422 2841 550 2913; x_wconf 88' lang='lat' dir='ltr'>paludem</span> <span class='ocrx_word' id='word_1_266' title='bbox 566 2841 676 2907; x_wconf 85' lang='lat' dir='ltr'>fecerat,</span> <span class='ocrx_word' id='word_1_267' title='bbox 688 2845 780 2894; x_wconf 88' lang='lat' dir='ltr'>tamen</span> <span class='ocrx_word' id='word_1_268' title='bbox 792 2845 840 2894; x_wconf 89' lang='lat' dir='ltr'>aut</span> <span class='ocrx_word' id='word_1_269' title='bbox 857 2837 1003 2893; x_wconf 86' lang='lat' dir='ltr'>simulandi</span> 
     </span>
     <span class='ocr_line' id='line_1_38' title="bbox 151 2915 1004 2987; baseline -0.004 -14"><span class='ocrx_word' id='word_1_270' title='bbox 151 2920 248 2987; x_wconf 87' lang='lat' dir='ltr'>gratia,</span> <span class='ocrx_word' id='word_1_271' title='bbox 257 2935 311 2987; x_wconf 91' lang='lat' dir='ltr'>quo</span> <span class='ocrx_word' id='word_1_272' title='bbox 320 2921 379 2987; x_wconf 85' lang='lat' dir='ltr'>rcgi</span> <span class='ocrx_word' id='word_1_273' title='bbox 389 2917 562 2972; x_wconf 88' lang='lat' dir='ltr'>formidinem</span> <span class='ocrx_word' id='word_1_274' title='bbox 575 2916 700 2982; x_wconf 84' lang='lat' dir='ltr'>adderet,</span> <span class='ocrx_word' id='word_1_275' title='bbox 709 2921 762 2971; x_wconf 88' lang='lat' dir='ltr'>ant.</span> <span class='ocrx_word' id='word_1_276' title='bbox 771 2915 898 2985; x_wconf 90' lang='lat' dir='ltr'>cupidine</span> <span class='ocrx_word' id='word_1_277' title='bbox 907 2932 1004 2970; x_wconf 85' lang='lat' dir='ltr'>caecus</span> 
     </span>
     <span class='ocr_line' id='line_1_39' title="bbox 152 2991 1003 3064; baseline 0 -17"><span class='ocrx_word' id='word_1_278' title='bbox 152 2995 199 3064; x_wconf 88' lang='lat' dir='ltr'>[ob</span> <span class='ocrx_word' id='word_1_279' title='bbox 216 2996 359 3049; x_wconf 88' lang='lat' dir='ltr'>thesauros</span> <span class='ocrx_word' id='word_1_280' title='bbox 376 2995 471 3064; x_wconf 87' lang='lat' dir='ltr'>oppidi</span> <span class='ocrx_word' id='word_1_281' title='bbox 489 2991 632 3061; x_wconf 85' lang='lat' dir='ltr'>potiundi]‚</span> <span class='ocrx_word' id='word_1_282' title='bbox 651 2993 743 3046; x_wconf 87' lang='lat' dir='ltr'>vineas</span> <span class='ocrx_word' id='word_1_283' title='bbox 763 3010 852 3061; x_wconf 86' lang='lat' dir='ltr'>agere,</span> <span class='ocrx_word' id='word_1_284' title='bbox 873 3009 1003 3060; x_wconf 84' lang='lat' dir='ltr'>aggerem</span> 
     </span>
     <span class='ocr_line' id='line_1_40' title="bbox 152 3069 917 3139; baseline -0.001 -17"><span class='ocrx_word' id='word_1_285' title='bbox 152 3071 250 3136; x_wconf 86' lang='lat' dir='ltr'>jacere,</span> <span class='ocrx_word' id='word_1_286' title='bbox 261 3071 368 3138; x_wconf 84' lang='lat' dir='ltr'>aliaque</span> <span class='ocrx_word' id='word_1_287' title='bbox 380 3087 450 3139; x_wconf 92' lang='lat' dir='ltr'>quae</span> <span class='ocrx_word' id='word_1_288' title='bbox 462 3070 573 3137; x_wconf 89' lang='lat' dir='ltr'>incepto</span> <span class='ocrx_word' id='word_1_289' title='bbox 586 3069 646 3121; x_wconf 92' lang='lat' dir='ltr'>usui</span> <span class='ocrx_word' id='word_1_290' title='bbox 658 3070 748 3122; x_wconf 86' lang='lat' dir='ltr'>forent</span> <span class='ocrx_word' id='word_1_291' title='bbox 760 3085 917 3137; x_wconf 87' lang='lat' dir='ltr'>properare.</span> 
     </span>
    </p>

    <p class='ocr_par' dir='ltr' id='par_1_8' title="bbox 204 3143 1004 3214">
     <span class='ocr_line' id='line_1_41' title="bbox 204 3143 1004 3214; baseline 0 -16"><span class='ocrx_word' id='word_1_292' title='bbox 204 3152 245 3198; x_wconf 79' lang='lat'>38.</span> <span class='ocrx_word' id='word_1_293' title='bbox 282 3149 322 3199; x_wconf 80' lang='lat' dir='ltr'>nt</span> <span class='ocrx_word' id='word_1_294' title='bbox 338 3145 478 3214; x_wconf 74' lang='lat' dir='ltr'>iugurtha</span> <span class='ocrx_word' id='word_1_295' title='bbox 495 3143 604 3208; x_wconf 83' lang='lat' dir='ltr'>cognita</span> <span class='ocrx_word' id='word_1_296' title='bbox 621 3144 744 3197; x_wconf 87' lang='lat' dir='ltr'>vanitate</span> <span class='ocrx_word' id='word_1_297' title='bbox 761 3147 845 3212; x_wconf 80' lang='lat' dir='ltr'>atque</span> <span class='ocrx_word' id='word_1_298' title='bbox 863 3143 1004 3212; x_wconf 86' lang='lat' dir='ltr'>imperitia</span> 
     </span>
    </p>
   </div>
   <div class='ocr_carea' id='block_1_6' title="bbox 0 0 1142 3425">
    <p class='ocr_par' dir='ltr' id='par_1_9' title="bbox 0 0 1142 3425">
     <span class='ocr_line' id='line_1_42' title="bbox 0 0 1142 3425; baseline 0 4"><span class='ocrx_word' id='word_1_299' title='bbox 0 0 1142 3425; x_wconf 95' lang='lat' dir='ltr'> </span> 
     </span>
    </p>
   </div>
  </div>
 </body>
</html>
