2275 3425
145 83 176 130 88
391 81 419 130 0.
437 77 614 129 SALLUSTI
630 76 755 128 cuisPr

143 161 249 214 animus
260 159 437 216 multitudine
448 159 612 214 distrahitur
618 179 626 226 ;
643 158 719 213 nulla
729 174 780 229 pro
791 159 864 215 socia
874 161 990 232 obtinet,

143 239 248 306 paritur
259 253 353 291 omncs
364 237 431 291 viles
442 239 513 290 sunt.

196 321 236 370 81.
272 315 363 383 Igitur
386 314 415 367 in
438 313 528 367 locum
548 310 681 366 ambobus
703 313 834 381 placitum
855 315 992 369 exercitus

143 391 321 456 conveniuut3
340 390 380 445 ibi
398 389 454 443 fide
471 389 537 443 data
555 393 585 443 et
602 393 715 459 accepta
732 391 751 443 J
753 391 873 458 ugurtha
890 391 992 445 Bocchi
1096 402 1101 409 “

143 468 264 522 animum
276 467 398 521 oratione
413 465 551 520 accendit:
570 465 708 519 Romanos
722 465 845 534 injustos,
857 467 993 535 profunda

143 545 264 611 avaritia,
283 543 431 597 communis
451 542 571 596 omnium
591 542 678 596 hostis
696 558 771 610 essc3
795 543 910 599 eandem
930 544 992 598 illcs

144 636 266 674 caussam
281 619 347 672 belli
363 634 424 672 cum
438 618 546 672 Boccho
562 618 665 672 habere
678 635 760 688 quam
777 636 870 674 secum
878 613 914 675 'ct
929 638 992 676 cum

143 696 203 750 aliis
219 697 355 766 gentibus,
369 695 519 749 lubidinem
532 695 716 765 imperitandi,
728 696 789 763 quis
803 697 894 751 omnia
906 714 993 765 regna

143 773 259 826 advorsa
270 772 339 838 sint;
356 775 416 827 tum
428 788 495 839 sese,
507 770 589 840 paule
601 775 666 826 ante
673 771 913 842 Carthaginiensis,
923 774 991 828 item

145 848 248 903 Persen
265 865 366 918 regem,
379 851 450 919 post,
462 847 505 902 uti
521 849 639 917 quisque
654 847 884 916 opulentissumus
899 849 992 904 videa·

142 928 197 992 tur,
212 925 251 979 ita
269 924 399 978 Romanis
415 923 524 978 hostem
540 924 606 977 fore.
642 923 696 977 His
713 927 796 992 atque
813 925 872 978 aliis
889 926 991 980 talibus

143 1000 225 1054 dictis
245 1001 282 1054 ad
303 1001 408 1055 (littam
428 999 557 1068 oppidum
581 1000 635 1054 iter
654 1001 834 1068 constituunt,
854 1002 928 1069 quod
951 1001 989 1056 ibi

143 1076 272 1130 Metellus
287 1076 418 1145 praedam
433 1075 611 1145 captivosque
628 1080 658 1130 et
674 1075 871 1144 impedimenta
887 1077 987 1132 locave-

142 1156 193 1207 rat.
230 1153 276 1207 Ita
288 1153 307 1205 J
309 1152 428 1221 ugurtha
438 1156 516 1207 ratus
528 1154 578 1205 aut
588 1154 669 1219 capta
679 1151 747 1205 urbe
760 1168 859 1220 operae
869 1154 989 1221 pretium

141 1229 211 1297 fore,‘
220 1234 269 1283 aut
286 1229 309 1282 si
326 1229 464 1282 Romanus
480 1227 581 1281 auxilio
597 1228 653 1282 suis
668 1227 794 1294 venisset,
809 1229 913 1297 proelio
929 1246 991 1285 sese

142 1308 302 1360 certaturos.
341 1305 413 1358 Nam
433 1303 548 1358 callidus
567 1301 599 1356 id
620 1303 701 1357 medo
721 1304 870 1358 festinabat
890 1306 991 1360 Bocchi

141 1395 235 1448 pacem
253 1380 421 1447 imminuere,
433 1396 469 1433 ue
486 1394 577 1432 moras
593 1379 724 1447 agitando
741 1380 816 1434 aliud
834 1397 915 1449 quam
932 1382 991 1437 bel-

141 1455 197 1509 lum
210 1455 311 1509 mallet.

193 1536 234 1587 82.
271 1532 426 1599 Imperator
444 1533 592 1598 postquam
611 1529 647 1583 de
666 1546 761 1598 regum
780 1531 911 1586 societate
929 1549 991 1603 cog-

141 1608 225 1676 novit,
238 1624 292 1661 non
308 1611 420 1673 temere,
434 1622 531 1674 ucque,
542 1607 586 1660 uti
601 1622 683 1674 saepe
694 1606 753 1674 jam
765 1607 837 1662 victo
849 1609 868 1661 J
869 1611 991 1677 ugurtha

141 1686 325 1750 consueverat,
337 1682 462 1737 omnibus
475 1682 540 1736 lucis
554 1681 693 1751 pugnandi
705 1684 809 1752 copiam
821 1684 886 1739 facit
893 1706 900 1752 ;
917 1690 991 1743 cete-

141 1774 203 1814 rum
219 1760 292 1814 haud
311 1759 405 1829 procul
421 1759 456 1813 ab
473 1759 551 1813 Cirta
567 1760 664 1813 castris
681 1761 794 1814 munitis
810 1777 889 1830 reges
906 1780 990 1834 eppe·

141 1836 219 1904 uitur,
241 1836 338 1890 melius
361 1852 422 1889 csse
445 1838 522 1889 ratus
544 1835 660 1903 cognitis
684 1835 795 1904 Mauris,
816 1839 942 1908 quoniam
964 1841 990 1896 is

140 1928 227 1965 novus
247 1911 334 1966 hostis
354 1914 514 1979 accesserat,
535 1927 570 1964 ex
591 1911 732 1965 commodo
752 1929 870 1981 pugnam
889 1916 988 1971 facere.

142 1987 261 2042 Interim
274 1988 362 2040 ana
375 2004 426 2056 per
439 1987 547 2042 litteras
559 1987 661 2041 certior
671 1988 704 2041 lit
715 1990 881 2057 provinciam
893 1991 919 2043 N
920 1993 989 2045 umi-

141 2063 216 2118 diam
232 2064 323 2117 Mario
341 2062 450 2128 datam;
474 2079 537 2116 nam
555 2063 693 2118 consulem
711 2064 814 2119 factum
832 2070 897 2121 ante
914 2084 990 2123 accc-

140 2143 227 2209 pcrat.
264 2139 331 2202 Quis
347 2138 430 2192 rebus
447 2155 529 2208 supra
546 2138 647 2192 bonum
664 2144 747 2207 atque
764 2139 908 2197 honestum
925 2159 989 2212 per-

141 2216 232 2269 culsus
245 2231 334 2282 neque
346 2214 479 2267 lacrumas
493 2217 590 2268 tenere
600 2230 689 2283 neque
701 2215 836 2271 moderari
852 2218 988 2287 lingnam

140 2291 183 2345 vir
194 2290 321 2359 egregius
334 2291 362 2342 in
374 2290 434 2343 aliis
445 2288 549 2343 artibus
564 2290 644 2343 nimis
658 2291 776 2345 molliter
787 2294 987 2361 aegritudinem

140 2366 206 2435 pati.
231 2367 319 2431 Quam
329 2382 388 2419 rem
400 2365 445 2419 alii
457 2366 486 2417 in
497 2364 653 2433 superbiam
662 2368 815 2434 vertebant,
828 2370 872 2423 alii
885 2370 987 2426 benum

139 2442 278 2511 ingenium
300 2441 463 2496 contumelia
484 2456 626 2494 accensum
647 2458 714 2511 esse,
733 2444 813 2498 multi
833 2446 907 2514 quod
926 2447 939 2515 j

139 2523 220 2589 parta
231 2518 344 2572 victoria
358 2533 393 2571 ex
407 2515 533 2570 manibus
545 2516 706 2585 eriperetur.
742 2519 768 2571 N
771 2519 829 2573 obis
845 2522 912 2575 satis
925 2540 987 2591 cog-

139 2595 227 2651 nitum
246 2594 384 2649 catillum
402 2592 489 2661 magis
507 2591 609 2646 honore
627 2592 700 2647 Mari
718 2610 801 2662 qnam
818 2595 919 2664 injuria
936 2615 987 2653 sua

139 2671 332 2735 excruciatum,
341 2684 430 2738 neque
439 2673 496 2722 tam
505 2667 585 2721 anxie
594 2668 713 2722 laturum
722 2668 813 2739 luisse,
822 2672 845 2724 si
856 2672 986 2743 adempta

138 2746 277 2815 provincia
288 2747 334 2799 alii
345 2761 427 2815 quam
439 2743 528 2798 Mario
540 2743 704 2797 traderetur.

190 2828 231 2878 83.
267 2822 358 2890 Igitur
376 2838 409 2875 ec
428 2819 522 2873 dolore
541 2819 699 2889 impeditus,
717 2822 747 2874 et
765 2822 831 2891 quia
850 2823 986 2879 stultitiae

138 2898 285 2953 videbatur
300 2898 417 2953 alienam
433 2912 493 2950 rem
508 2896 629 2962 periculo
644 2912 692 2950 suo
707 2913 811 2966 curare,
829 2899 936 2967 legatus
949 2902 985 2956 ad

139 2974 278 3028 Bocchum
288 2974 375 3030 mittit
386 2972 561 3043 postulatum,
567 2988 604 3026 ne
615 2972 674 3027 sine
682 2989 777 3027 caussa
788 2974 875 3030 hostis
886 2978 985 3046 populo

139 3047 262 3104 Romano
277 3050 371 3116 fieret3
388 3049 490 3103 habere
505 3064 568 3101 eum
584 3065 710 3118 magnam
725 3050 831 3119 copiam
845 3054 986 3109 societatis

138 3125 327 3192 amicitiaeque
351 3124 564 3195 conjungendae,
588 3141 659 3193 quae
683 3125 774 3196 potior
799 3126 872 3184 bello
896 3134 986 3199 csset;
