2275 3425
484 141 692 192 JUGURTHA.
981 147 1013 194 55

166 221 240 275 tibus
261 220 291 274 in
311 221 479 290 provinciam
502 222 584 276 venit.
620 224 662 278 Ao
683 224 794 278 tametsi
816 225 904 278 senati
922 225 1013 279 verbis

164 314 260 364 graves
272 298 361 351 minae
373 299 575 366 nuntiabantur,
588 299 663 368 quod
675 299 733 370 [ab]
745 301 946 370 oppugnatione
959 317 1012 353 nou

165 375 319 442 desisteret,
326 376 412 430 multa
420 379 512 429 tamen
521 376 643 429 oratione
650 380 811 445 consumpta
819 376 901 444 legati
910 376 1013 430 frustra

164 450 320 504 discessere

215 533 256 580 26.
282 527 322 580 lla
333 530 478 596 postquam
491 527 584 581 Cirtae
596 528 691 581 audita
702 531 772 593 suut,
785 527 883 595 Italici,
896 544 1011 599 quorum

163 602 266 656 virtute
284 604 391 656 moenia
413 603 633 670 defensabantur,
658 604 752 658 confisi
775 603 916 658 deditione
938 605 1012 658 facta

163 683 277 746 propter
295 679 511 748 magnitudinem
529 679 624 748 populi
646 679 760 733 Romani
784 679 927 733 inviolatos
951 696 1011 733 sese

163 754 228 821 fore,
243 754 394 808 Adherbali
413 754 538 822 suadent,
550 754 593 811 uti
611 771 696 823 seque
714 758 743 809 et
761 755 892 824 oppidum
908 755 927 807 J
929 771 1011 823 ugur-

163 830 228 883 thae
241 831 341 899 tradat,
353 835 462 885 tantum
479 831 514 885 ab
533 847 566 885 eo
582 832 666 885 vitam
683 831 844 900 paciscatur,
857 831 893 884 de
911 832 1011 885 ceteris

164 907 269 960 senatui
281 924 363 961 curae
375 908 442 962 fore.
478 911 520 960 At
534 907 588 975 ille,
601 907 713 961 tametsi
731 908 821 960 omnia
837 908 944 975 potiora
955 906 1011 960 fido

163 982 183 1034 J
184 982 318 1050 ugurtbae
330 983 450 1052 rebatur,
462 988 556 1039 tamen
568 985 632 1053 quia
648 1000 731 1052 penes
743 983 862 1051 eosdem,
875 983 898 1035 si
916 982 1011 1036 advor-

163 1062 278 1127 saretur,
289 1060 404 1128 cogendi
416 1064 539 1130 potestas
551 1064 618 1125 erat,
627 1061 673 1123 ita,
682 1062 724 1113 uti
736 1062 900 1113 censuerant
913 1057 1011 1128 Italici,

165 1134 332 1189 deditionem
344 1136 417 1190 facit.
451 1135 631 1204 „Iugurthain
649 1136 744 1204 primis
759 1134 947 1206 Adherbalem
965 1150 1011 1187 ex-

163 1213 312 1265 cruciatum
324 1216 411 1277 necat,
424 1211 523 1265 deiude
535 1213 622 1264 omnis
640 1211 759 1280 puberes
772 1209 908 1263 Numidas
926 1213 1010 1277 atque

162 1289 347 1355 negotiatores
358 1289 518 1354 promiscue,
530 1287 573 1341 uti
589 1287 705 1355 quisque
717 1287 831 1339 armatis
843 1284 938 1338 obrius
954 1287 1011 1337 fue

163 1367 215 1429 rat,
226 1363 363 1417 interficit.

216 1443 256 1495 27.
293 1438 373 1503 Quod
383 1441 529 1506 postquam
542 1437 647 1490 Romae
659 1436 798 1503 cognitum
811 1438 861 1502 est,
874 1439 904 1489 et
921 1453 965 1489 res
983 1436 1011 1489 in

164 1518 261 1567 senatu
272 1514 371 1582 agitari
383 1518 489 1583 coepta,
501 1513 586 1566 iidem
604 1511 643 1565 illi
657 1513 775 1565 ministri
793 1511 866 1579 regis
883 1512 1012 1579 interpel-

164 1589 245 1643 lando
258 1606 289 1643 ac
302 1606 384 1658 saepe
392 1590 489 1657 gratia,
496 1587 634 1642 interdum
642 1586 743 1656 jurgiis
750 1587 886 1643 trahendo
894 1591 1010 1656 tempus,

164 1665 336 1720 atrocitatem
354 1665 418 1719 facti
435 1664 581 1719 leniebant.
617 1665 659 1719 hc
676 1664 704 1717 ni
718 1664 746 1719 O.
759 1663 912 1731 Memmius,
926 1662 1011 1718 tribu-

163 1759 214 1795 nus
226 1740 315 1811 plebis
327 1742 492 1810 designatus,
504 1742 546 1794 vir
557 1757 621 1795 acer
633 1743 662 1795 et
679 1740 796 1794 infestus
813 1740 953 1809 potentiae
964 1756 1011 1793 no-

163 1818 287 1884 bilitatis,
305 1818 435 1888 populum
454 1817 607 1888 Rauranum
625 1815 787 1883 edocuisset,
805 1816 833 1870 id
850 1816 944 1884 agiut
960 1801 1031 1885 per'

163 1910 263 1964 paucos
275 1895 403 1948 factiosos
409 1894 430 1947 J
431 1893 564 1961 ugurthae
578 1893 665 1947 scelus
674 1892 881 1960 condonaretur,
888 1892 1011 1961 profecto

48 2022 51 2026 .
163 1970 250 2023 omnis
261 1970 364 2023 invidia
376 1969 544 2038 prolatandis
552 1968 795 2023 consultationibus
807 1969 913 2038 dilapsa
924 1968 1011 2033 foret3

163 2050 242 2100 tanta
260 2047 302 2100 vis
319 2046 426 2113 gratiae
445 2050 528 2113 atque
549 2043 680 2114 pecuniae
700 2045 772 2113 regis
791 2048 859 2098 erat.
894 2044 949 2098 Sed
965 2043 1011 2097 ubi

164 2126 274 2176 senatus
297 2123 389 2176 delicti
414 2122 579 2175 couscientia
600 2121 730 2190 populum
753 2121 840 2189 timet,
859 2120 1012 2188 legeSom-

163 2201 258 2267 pronia
270 2198 422 2268 provinciae
429 2198 528 2251 futuris
538 2196 691 2250 consulibus
700 2196 830 2249 Numidia
837 2200 920 2265 atque
930 2197 1012 2250 ltalia

164 2275 306 2340 decretae3
324 2275 448 2329 consules
459 2273 590 2327 declarati
607 2273 637 2326 P.
651 2273 740 2342 Scipio
753 2272 860 2337 Nasica,
873 2273 903 2326 h.
917 2273 1013 2326 Bestia

165 2351 344 2420 Calpumius3
362 2350 507 2419 Calpurnio
525 2350 551 2402 N
553 2349 662 2416 umidis,
681 2349 800 2418 Scipioni
825 2348 907 2401 ltalia
931 2347 1012 2401 obvo-

165 2428 220 2491 nit;
238 2426 338 2480 deiude
354 2427 490 2480 exercitus
509 2425 557 2494 qui
576 2425 605 2478 iu
626 2424 750 2478 Africam
769 2428 928 2492 portaretur
947 2423 1012 2477 scri-

165 2505 240 2558 bitur
247 2524 254 2568 ;
272 2503 440 2572 stipendium
452 2502 559 2570 aliaque
573 2517 643 2571 quae
655 2501 728 2554 bello
740 2502 801 2554 usui
817 2501 907 2554 forent
919 2500 1012 2553 decer·

164 2585 272 2634 nuntur.

217 2663 258 2711 28.
277 2659 318 2709 At
329 2657 348 2707 J
351 2654 471 2723 ugurtha
483 2657 578 2708 contra
590 2669 666 2722 spem
679 2652 774 2706 nuntio
781 2653 902 2719 accepto,
911 2651 1013 2719 quippe

166 2733 209 2788 cui
224 2733 326 2785 Romae
344 2731 435 2783 onmia
446 2747 545 2783 venum
562 2731 604 2782 ire
621 2729 648 2780 iu
667 2729 757 2781 animo
774 2726 908 2793 haeserat,
926 2727 1011 2779 filium

167 2814 274 2863 etcum
292 2824 325 2861 eo
343 2808 411 2860 duos
429 2806 570 2859 familiaris
588 2803 625 2857 ad
647 2807 771 2856 senatum
794 2801 899 2868 legatos
916 2801 1011 2868 mittit,

81 2910 87 2920 ·
166 2886 263 2953 hisque
275 2888 307 2938 ut
323 2884 383 2948 illis,
396 2898 464 2950 quos
478 2879 637 2948 Hiempsale
652 2879 796 2932 interfecto
807 2876 926 2940 miserat
936 2891 1013 2942 prae-

166 2961 234 3029 cipit
251 2960 337 3013 omnis
356 2957 478 3011 mortalis
499 2956 615 3025 pecunia
633 2952 833 3021 aggrediantur.
870 2950 921 3013 Qui
939 2954 1014 3018 post-

167 3053 249 3104 quam
268 3031 593 3096 Romamadventabant,
605 3032 745 3082 senatusa
762 3024 857 3079 Bestia
874 3025 1014 3078 consultus

166 3116 217 3180 est,
230 3112 384 3181 placeretne
395 3109 500 3176 legatos
510 3107 529 3159 J
530 3104 664 3173 ugurthae
678 3102 760 3169 recipi
773 3098 928 3162 moenibus3
940 3100 1014 3165 iique

167 3188 322 3255 decrevere,
333 3186 386 3240 nisi
400 3198 515 3252 regnum
527 3181 671 3250 ipsumque
688 3176 813 3230 deditum
826 3173 970 3239 venissent,
981 3175 1014 3226 ut
