2275 3425
627 1 646 39 0
704 0 711 8 .

477 53 819 159 Jucbfflffffsffl
975 116 1006 166 ιι

157 212 213 266 quo
232 194 314 248 modo
334 195 451 264 potuere
468 191 546 262 pau'
567 191 666 272 11th
692 215 730 265 p·
743 214 783 258 p..
818 217 838 241 .=
864 231 870 240 .
892 194 1006 248 volueri-

158 271 208 326 bus
224 271 342 325 confecti
359 269 468 323 abeunt.
504 268 588 321 Dens·
603 276 607 313 t
675 294 682 313 r
703 282 788 323 .··e
805 269 939 338 proelium
951 287 1005 324 nox

157 347 276 402 diremit.

210 431 249 479 61.
286 421 422 488 Metellus,
435 424 581 491 postquam
595 422 672 477 videt
684 422 788 478 frustra
801 421 948 490 inceptum,
959 439 1005 476 ne

156 516 210 569 quc
222 498 354 569 oppidum
366 498 433 566 capi,
445 514 535 566 neque
547 499 565 551 J
567 498 714 565 ugurtham
726 498 779 552 nisi
794 514 829 553 ex
840 498 946 551 insidiis
957 502 1006 552 aut

156 591 205 629 suo
222 575 281 630 loco
292 590 410 642 pugnam
423 573 521 640 facere,
534 577 563 628 et
577 573 636 641 jam
649 577 784 628 aestatem
801 577 924 628 exactam
937 591 1004 640 esse,

155 651 191 705 ab
202 652 285 705 Zama
294 649 410 703 discedit
422 649 490 702 etin
502 648 536 703 iis
546 649 668 717 urbibus,
677 667 749 719 quae
756 650 793 703 ad
805 667 834 704 se
846 649 1005 705 defecerant

155 727 275 797 satisque
287 725 409 779 munitae
423 725 481 779 loeo
493 728 542 778 aut
552 725 695 779 moenibus
707 729 796 794 erant,
807 725 944 795 praesidia
955 727 1004 780 im-

154 805 245 873 ponit;
262 806 385 856 ceterum
396 801 546 855 exercitum
557 800 586 853 in
602 801 776 870 provinciam,
789 818 860 870 quae
870 818 1003 870 proxuma

155 884 198 934 est
209 878 362 945 Numidiae,
375 876 512 931 hiemandi
523 877 613 944 gratia
624 877 746 932 coNocat
781 878 880 947 Neque
892 878 922 931 id
934 882 1003 933 tem-

154 972 205 1025 pus
222 972 257 1010 ex
274 954 387 1008 aliorum
404 968 481 1007 more
492 952 579 1021 quieti
596 956 645 1006 aut
662 952 788 1007 luxuriae
805 953 938 1021 coneedit,
953 956 1002 1007 sed

154 1033 281 1100 quoniam
298 1031 381 1084 armis
398 1029 500 1083 bellum
517 1045 615 1098 parum
631 1028 805 1097 procedebat,
816 1029 930 1083 insidias
943 1033 1002 1097 regi

153 1124 204 1177 per
224 1108 325 1165 amicos
341 1106 456 1160 tendere
474 1108 504 1158 et
526 1120 621 1157 eorum
647 1104 764 1173 perfidia
788 1120 839 1172 pro
855 1105 940 1158 armis
960 1107 1002 1159 uti

153 1188 239 1253 parat.
275 1183 367 1252 Igitur
384 1180 572 1246 Bomilcarem,
591 1179 639 1248 qui
657 1179 760 1233 Ronrae
778 1197 840 1233 cum
861 1181 1001 1247 Jugurtha

152 1260 250 1328 fuerat,
269 1262 298 1313 et
320 1257 385 1311 inde
403 1255 518 1309 vadibus
540 1254 614 1308 datis
635 1253 705 1307 clam
723 1255 858 1308 Massivae
881 1255 918 1309 de
935 1273 1003 1310 nece

148 1334 283 1404 judicium
307 1335 423 1401 fugerat,
445 1331 521 1400 quod
547 1330 574 1383 ei
597 1346 649 1398 per
673 1347 828 1384 maxumam
855 1332 1001 1386 amicitiam

152 1426 279 1465 maxuma
301 1408 380 1478 copia
402 1406 517 1460 fallendi
543 1408 612 1472 erat,
639 1405 734 1460 multis
761 1406 1003 1475 pollicitationibus

153 1485 319 1553 aggreditur.
362 1486 406 1538 Ac
432 1482 520 1552 primo
549 1482 633 1535 efficit
662 1484 695 1535 ut
718 1481 755 1535 ad
778 1498 808 1536 se
830 1483 1001 1551 colloquendi

152 1562 242 1629 gratia
263 1560 384 1614 occultus
404 1559 512 1622 veniat3
538 1556 603 1610 dein
623 1556 678 1610 tide
699 1557 771 1625 data,
792 1557 816 1610 si
834 1559 1001 1627 ,Iugurtham

152 1635 243 1689 rivum
260 1638 308 1689 aut
324 1638 450 1689 necatum
465 1633 516 1688 sibi
531 1633 699 1701 tradidisset,
714 1633 774 1687 fore
789 1637 822 1687 ut
835 1634 875 1688 illi
890 1639 1001 1689 senatus

152 1713 341 1781 impunitatem
358 1715 387 1766 et
402 1727 451 1765 sua
469 1709 558 1764 omnia
579 1708 749 1779 concederet,
765 1712 845 1766 facile
862 1710 1000 1767 Numidae

152 1789 306 1857 persuadet,
327 1804 411 1857 quum
431 1786 540 1854 ingenio
559 1784 652 1853 infido,
672 1789 731 1840 tum
751 1788 892 1854 metuenti,
913 1804 956 1855 ne,
977 1789 1000 1841 si

151 1881 206 1933 pax
222 1881 283 1918 cum
300 1864 430 1917 Romanis
448 1862 536 1928 fieret,
551 1861 613 1930 ipse
630 1877 681 1929 per
699 1862 870 1918 condiciones
885 1862 923 1917 ad
937 1880 1000 1932 sup·

151 1940 260 2009 plicium
272 1940 437 1995 traderetur.

203 2022 243 2071 62.
281 2016 318 2083 Ia,
335 2014 519 2083 ubiprimum
542 2017 723 2082 opportunum
746 2013 807 2082 fuit,
831 2012 998 2082 Jugurtham

151 2093 260 2146 anxium
281 2108 313 2145 ac
333 2092 509 2144 miserantem
531 2089 655 2144 fortunas
677 2105 740 2143 suas
760 2089 881 2156 accedit;
906 2096 999 2145 monet

150 2171 234 2236 atque
245 2168 397 2221 lacrumans
412 2164 568 2219 obtestetur
578 2165 767 2234 utaliquando
784 2165 836 2219 sibi
852 2165 999 2234 liberisque

150 2247 179 2297 et
190 2244 266 2312 genti
283 2241 464 2297 Numidarum
478 2244 591 2309 optume
605 2242 723 2296 merenti
739 2241 883 2310 provideat
891 2262 898 2307 3
916 2242 1000 2296 omni-

149 2319 201 2373 bus
219 2319 329 2389 proeliis
348 2334 408 2371 sese
425 2316 518 2385 victos,
536 2333 632 2384 agrum
649 2320 795 2385 vastatum,
813 2318 914 2372 multos
929 2334 999 2371 mor-

149 2396 212 2449 talia
227 2399 328 2465 captos,
347 2394 456 2461 occisos,
471 2394 549 2461 regni
565 2410 631 2462 opes
645 2394 825 2448 comminutas
839 2411 915 2459 esse;
932 2395 999 2448 satis
1097 2415 1099 2422 ¹

149 2487 230 2540 saepe
238 2471 297 2541 jam
309 2474 339 2525 et
350 2471 481 2524 virtutem
492 2469 610 2530 militum
622 2473 652 2524 et
663 2471 802 2525 fortunam
819 2473 981 2538 temptatam
992 2490 998 2535 3

148 2551 243 2602 caveat
263 2564 297 2600 ne
315 2546 363 2600 illo
378 2548 524 2600 cunctante
540 2544 678 2599 Numidae
695 2545 747 2600 sibi
762 2546 910 2600 consulant.
946 2546 998 2599 His

148 2626 232 2693 atque
243 2622 344 2678 talibus
356 2622 415 2676 aliis
427 2621 463 2675 ad
476 2620 645 2675 deditionem
657 2622 729 2689 regis
742 2621 861 2674 animum
874 2620 996 2689 impellit.

148 2699 298 2753 Mittsmtur
317 2698 353 2751 ad
371 2697 563 2766 imperatorem
583 2695 668 2764 legati
691 2696 738 2765 qui
759 2694 927 2763 Jugurtham
950 2695 998 2748 im-

147 2777 245 2842 perata
266 2775 401 2828 facturum
425 2772 556 2838 dicerent,
577 2787 609 2824 ae
628 2772 687 2825 siue
710 2771 767 2824 ulla
788 2769 915 2839 pactione
937 2784 997 2823 sese

147 2865 315 2917 regnumque
326 2848 446 2902 suumin
458 2847 531 2900 illius
542 2845 627 2900 fidem
638 2846 758 2901 tradere.
794 2843 924 2898 Metellus
934 2861 997 2913 pro·

147 2941 213 2994 pere
224 2928 336 2988 cunctos
351 2921 481 2977 senatorii
495 2921 600 2975 ordinis
611 2938 646 2974 ex
658 2919 780 2974 hibernis
791 2918 891 2972 arcessi
898 2917 997 2986 jubet3

146 3015 241 3053 eorum
261 3003 345 3068 atque
365 2999 479 3053 aliorum
500 3013 568 3066 quos
587 2996 699 3049 idoneos
718 2993 836 3047 ducebat
855 2994 996 3047 consilium

133 3074 238 3130 'habet
274 3075 320 3129 Ita
335 3090 411 3127 more
428 3071 564 3140 majorum
581 3088 615 3123 ex
631 3069 725 3123 consili
737 3067 849 3120 decreto
862 3082 912 3133 per
923 3067 993 3134 lega-

145 3155 190 3206 tos
213 3150 370 3220 «Iugurthae
393 3149 511 3215 imperat
534 3144 642 3211 argenti
665 3141 756 3210 pondo
779 3139 897 3193 ducenta
913 3141 995 3205 milia,
