2275 3425
138 131 169 178 58
384 132 412 179 C.
429 129 603 179 SALLUSTI
619 129 737 178 GRISPI

135 225 245 264 carcere
261 210 351 264 necati
367 213 439 263 snut.
481 208 635 276 Utriusque
653 207 737 262 cladis
752 224 807 261 non
823 208 875 277 lex,
889 224 983 262 rerum

135 285 229 339 lubido
244 302 339 339 eorum
357 285 439 338 finem
454 285 527 360 iecit.
570 285 625 338 Sed
642 302 707 338 sane
727 285 810 339 fuerit
825 286 903 352 regni
923 303 985 355 par-

135 362 192 414 atio
207 361 281 431 plebi
291 378 340 414 sua
348 363 509 424 restituere3
523 360 655 429 quicquid
668 362 727 414 sine
742 362 873 428 sauguine
887 362 984 415 civium

135 438 227 491 ulcisci
249 438 387 506 nequitur,
405 436 471 504 jure
491 437 595 489 factum
616 437 659 490 sit.
695 437 886 504 Superioribus
907 439 985 491 annis

37 512 40 516 “
136 513 213 567 taciti
229 513 444 580 indignabamini
462 513 598 566 aerarium
614 513 735 581 expilari,
754 530 834 580 reges
852 518 882 568 et
899 531 985 584 popu-

135 588 175 642 los
199 588 301 643 liberos
325 589 419 657 paucis
444 587 580 641 nobilibus
605 588 722 656 vectigal
746 588 875 657 pendere,
901 607 1005 658 penes-

135 665 246 718 eosdem
261 667 292 718 et
307 680 440 718 summam
455 664 569 732 gloriam
584 668 615 718 et
629 681 771 718 maxumas
785 664 896 719 divitias
910 682 970 720 esse
978 688 985 732 ;

135 746 228 794 tamen
252 741 320 793 haec
344 740 411 794 talia
432 741 552 793 facinora
576 741 688 810 impunc
714 740 864 809 suscepisse
887 758 985 810 parum

133 816 263 881 habuere,
285 817 379 886 itaque
401 819 541 885 postremo
559 817 641 884 leges,
667 814 800 884 majestas
817 820 917 883 vostra,
946 818 986 871 di-

134 893 197 945 vina
211 896 239 947 ot
256 892 374 945 humana
397 892 488 946 omnia
508 892 634 946 hostibus
657 890 762 946 tradita
782 896 852 946 snut.
887 893 986 962 Neque

134 969 242 1037 eosqui
259 985 293 1022 ea
307 968 397 1022 fecere
413 967 500 1036 pudet
514 973 563 1022 aut
579 968 709 1036 poenitet,
722 968 771 1021 sed
788 968 919 1022 incedunt
934 986 985 1038 per

135 1061 183 1097 ora
204 1048 298 1098 vostra
324 1043 468 1112 magnifici,
497 1043 650 1097 sacerdotia
677 1047 707 1097 et
732 1044 895 1112 consulatus,
920 1062 985 1113 pars

135 1121 287 1189 triumphos
309 1136 372 1174 suos
387 1123 572 1185 ostentantes,
599 1119 716 1188 proinde
738 1121 816 1188 quasi
832 1137 865 1175 ea
881 1121 984 1188 honori,

134 1214 188 1251 nou
208 1196 328 1266 praedae
349 1195 475 1249 habeant.
521 1196 599 1250 Servi
616 1212 680 1249 aere
700 1195 791 1263 parati
812 1196 916 1264 injusta
937 1198 986 1251 im-

134 1273 211 1341 peria
223 1272 394 1326 dominorum
408 1288 462 1324 non
478 1271 636 1340 perierunt3
654 1288 709 1339 vos,
726 1271 855 1340 Quirites,
871 1272 985 1342 imperio

134 1349 192 1402 nati
217 1365 304 1416 aequo
324 1349 413 1401 animo
439 1347 601 1402 servitutem
621 1347 753 1401 toleratis
795 1350 836 1402 At
852 1350 899 1418 qui
920 1355 985 1404 sunt

134 1424 171 1492 hi,
193 1425 241 1493 qui
262 1423 476 1493 rempublicam
494 1425 678 1492 occupavere?
715 1423 848 1478 Homines
871 1425 985 1479 scelera-

135 1501 250 1567 tissumi‚
263 1500 383 1554 cruentis
394 1499 526 1566 manibus,
535 1499 647 1552 immani
659 1500 779 1566 avaritia,
791 1502 985 1555 nocentissumi

135 1575 274 1646 iidemque
286 1576 489 1645 superbissumi,
508 1575 569 1644 quis
586 1574 664 1642 fides,
683 1574 775 1643 decus,
793 1577 891 1644 pietas,
909 1581 986 1646 post-

135 1669 210 1705 remo
233 1653 348 1705 honesta
370 1655 454 1721 atque
477 1651 621 1706 inhonesta
646 1653 737 1705 omnia
759 1655 885 1725 quaestui
913 1659 985 1708 sunt.

137 1731 205 1782 Pars
223 1746 317 1784 eorum
337 1729 467 1783 occidisse
485 1728 611 1782 tribunos
632 1728 728 1797 plebis,
746 1728 793 1782 alii
813 1729 986 1798 quaestiones

135 1806 258 1873 injustas,
284 1805 407 1873 plerique
432 1803 544 1858 caedem
568 1804 597 1856 in
625 1820 673 1858 vos
695 1804 798 1871 iecisse,
824 1822 875 1874 pro
900 1807 987 1860 muni-

135 1886 228 1935 mento
246 1881 357 1935 habent.
393 1880 440 1934 Ita
459 1897 540 1948 quam
559 1879 675 1947 quisque
693 1896 821 1948 pessume
837 1881 910 1949 feeit,
926 1885 985 1935 tarn

135 1974 261 2011 maxume
278 1962 355 2011 tutus
372 1959 430 2021 est;
456 1959 561 2010 metum
577 1972 595 2007 a
614 1955 716 2009 scelere
732 1973 782 2009 suo
797 1956 834 2010 ad
849 1957 985 2025 ignaviam

135 2038 254 2087 vostram
270 2033 453 2097 transtulere;
470 2048 538 2099 quos
553 2031 641 2085 omnis
657 2031 752 2085 cadem
767 2049 875 2102 cupere,
887 2034 985 2087 eadem

135 2109 232 2177 edisse,
244 2108 342 2162 cadem
355 2111 479 2161 metuere
491 2109 519 2160 iu
533 2124 617 2160 unum
632 2107 729 2175 coligit.
765 2107 822 2163 Sed
833 2109 901 2163 haec
911 2110 985 2163 inter

135 2186 220 2239 bonos
232 2185 358 2251 amicitia,
375 2185 448 2237 iuter
466 2183 551 2236 malos
569 2183 651 2237 factio
668 2188 717 2237 est.
753 2184 857 2248 Quodsi
868 2190 924 2240 tam
936 2202 985 2239 vos

135 2261 271 2316 libertatis
291 2276 384 2313 curam
402 2260 540 2313 haberetis
559 2276 642 2327 quam
662 2260 702 2313 illi
718 2260 755 2313 ad
773 2260 985 2316 dominationem

135 2337 240 2392 accensi
260 2339 331 2404 sunt,
352 2335 476 2405 profecto
497 2353 587 2404 neque
606 2353 650 2389 res
670 2336 786 2405 publica,
808 2338 886 2391 sicuti
905 2354 985 2405 nunc,

135 2417 297 2480 vastaretur,
309 2416 339 2467 et
350 2412 482 2466 beneficia
489 2416 582 2465 vostra
594 2428 677 2480 penes
689 2416 824 2482 optumos,
836 2431 890 2467 non
902 2413 985 2467 auda-

135 2491 266 2544 cissumos
277 2490 375 2542 forent.
410 2488 530 2557 Majores
539 2488 625 2541 vostri
637 2490 752 2557 parandi
761 2489 834 2558 juris
843 2494 875 2544 et
886 2490 986 2559 majes-

135 2566 202 2621 tatis
221 2564 428 2619 constituendae
445 2564 536 2632 gratia
555 2563 598 2618 bis
618 2580 670 2633 per
688 2567 867 2620 secessionem
887 2567 985 2620 armati

136 2642 305 2695 Aventinum
317 2656 490 2709 occupavere,
502 2656 550 2692 vos
567 2656 617 2707 pro
634 2640 763 2695 libertate
781 2657 863 2710 quam
880 2642 915 2695 ab
931 2642 986 2695 illis
1045 2664 1048 2671 ·

73 2751 76 2756 >
135 2717 278 2785 accepistis
289 2733 343 2770 nou
355 2732 460 2769 summa
472 2732 523 2785 ope
536 2714 681 2769 niteminil
699 2721 783 2785 atque
797 2734 830 2771 ec
842 2718 987 2772 vehemen-

135 2795 198 2859 tius,
209 2810 264 2861 quo
276 2792 365 2861 majus
374 2792 495 2846 dedecus
504 2794 547 2845 est
558 2794 639 2858 parta
647 2792 774 2847 amittere
784 2811 866 2863 quam
876 2795 987 2848 cumino

135 2886 190 2922 non
214 2868 358 2936 paravisse.
401 2868 495 2937 [Dicet
518 2864 641 2935 aliquis]:
669 2868 743 2932 Quid
765 2870 850 2937 igitur
873 2873 986 2927 censesi
1012 2862 1016 2869 ¹

137 2944 338 2997 Vindicandum
351 2944 379 2997 in
391 2961 444 3008 cos,
457 2944 504 3012 qui
519 2942 593 2995 hosti
608 2942 756 3009 prodidere
770 2963 827 2999 rem
841 2947 987 3017 publicam,

136 3035 190 3072 non
210 3037 291 3072 manu
307 3036 396 3085 neque
408 3021 441 3086 ri,
460 3018 534 3088 quod
552 3018 640 3086 magis
651 3035 699 3072 vos
717 3021 813 3076 iecisse
831 3041 912 3091 quani
931 3024 988 3079 illis

120 3094 267 3148 ¹accidisse
286 3095 427 3161 indignum
444 3095 493 3161 cst,
506 3110 601 3145 verum
619 3097 822 3161 quaestionibus
839 3103 869 3153 et
886 3100 988 3155 indicio
1009 3116 1012 3120 ·

136 3167 221 3235 ipsius
239 3169 257 3220 J
260 3170 409 3236 ugurthae3
426 3169 473 3238 qui
490 3169 513 3221 si
532 3167 678 3222 dediticius
694 3175 744 3238 est,
762 3175 886 3241 profecto
900 3175 988 3245 jussis
