2275 3425
483 144 691 195 JUGURTHA.
747 136 750 143 ⁴
852 188 855 199 ,
980 147 1009 198 ’ῖὶ

161 229 244 295 atque
257 222 433 289 miserabilis3
452 224 568 292 dispersi
581 241 599 278 a
611 225 666 278 suis
682 240 747 295 pars
763 226 870 290 cedere,
882 226 928 279 alii
943 227 1012 279 inse„

161 303 215 369 qui,
228 318 317 369 neque
330 301 407 368 signa
421 317 509 369 neque
524 301 635 355 ordines
647 301 801 368 observare,
813 302 860 354 ubi
872 318 1012 369 ⁴quemque

161 377 310 444 periculum
333 380 451 443 ceperat,
469 375 507 434 ibi
531 378 660 430 resistere
684 395 716 431 ac
741 378 908 445 propulsare,
926 394 1010 443 arma,

160 452 223 518 tela,
236 452 307 520 equi,
319 452 378 518 viri,
395 452 489 505 hostes
506 456 591 521 atque
608 454 680 506 cives
698 453 846 522 permixti;
862 453 932 505 nihil
950 470 1012 507 con-

161 528 220 581 silio
242 544 332 597 neque
353 528 468 596 imperio
492 529 551 596 agi3
574 530 630 583 fors
655 531 745 583 omnia
770 546 875 599 regere.
911 525 1012 598 ltaque

160 605 276 659 multum
298 605 352 657 diei
374 608 553 673 processerat,
572 623 657 674 quum
679 607 824 661 etiamtum
848 610 962 661 eventus
983 608 1011 658 in

159 681 264 734 incerto
276 684 343 735 erat.
362 680 488 748 Denique
500 682 626 735 omnibus
637 681 730 737 labore
743 688 772 738 et
785 687 863 738 aestu
875 683 1011 750 languidis

160 755 289 810 Metellus
313 756 360 809 ubi
384 757 461 812 ridet
485 758 621 812 Numidas
638 760 728 814 minus
748 760 859 826 instare,
876 759 1010 830 paulatim

159 832 259 885 milites
277 832 305 886 in
322 850 405 886 unum
421 834 555 902 conducit,
575 835 685 889 ordines
702 836 826 891 restituit
843 839 873 889 et
890 834 1011 889 cohortis

159 908 320 976 legionarias
333 913 464 978 quattuor
475 911 621 965 advorsum
634 912 742 981 pedites
753 912 873 966 hostium
883 911 1010 965 collocat:

125 996 133 1001 ·
159 1001 252 1038 comm
264 1002 363 1054 magna
380 988 649 1055 pars-superioribus
666 988 733 1042 locis
750 989 821 1041 fessa
839 988 1008 1041 consederat.

160 1060 245 1115 Simul
256 1077 341 1128 orare,
350 1062 455 1116 hortari
464 1064 565 1117 milites
574 1081 609 1117 ne
619 1064 777 1131 deficerent,
786 1081 840 1117 neu
849 1067 1011 1133 paterentur

159 1135 245 1190 hostis
262 1138 393 1205 fugientis
410 1139 535 1204 vincere;
553 1156 645 1207 neque
663 1139 717 1192 illis
735 1144 825 1192 castra
843 1155 903 1192 esse
921 1155 1010 1206 neque

85 1274 88 1279 ⁵
159 1214 356 1267 munimentum
373 1214 459 1267 ullum
477 1231 532 1283 qno
549 1214 681 1268 cedentes
698 1214 861 1279 tenderent3
880 1215 908 1265 in
927 1213 1010 1266 annis

159 1290 249 1342 omnia
266 1291 326 1343 sita.
361 1290 417 1344 Sed
435 1307 486 1343 nec
499 1291 639 1358 Jugurtha
655 1290 766 1358 quidem
780 1290 886 1342 interea
900 1290 1010 1357 quietus

159 1368 234 1429 erat3
251 1366 400 1430 circumire,
411 1365 525 1430 hortari,
540 1382 672 1419 renouare
688 1365 821 1435 proelium
837 1368 866 1418 et
878 1365 936 1433 ipse
948 1381 1009 1418 cum

122 1488 124 1491 .
160 1439 275 1494 delectis
291 1444 429 1509 temptare
447 1442 544 1508 omnia,
563 1440 708 1494 subvenire
727 1441 790 1507 suis,
808 1439 934 1494 hostibus
959 1440 1008 1492 du-

159 1514 212 1568 biis
230 1516 341 1583 instare,
359 1532 427 1583 quos
444 1517 537 1570 firmos
555 1519 720 1591 cognoverat
738 1517 842 1570 eminus
864 1515 1010 1584 pugnando
1033 1557 1035 1561 .

160 1592 287 1646 retinere.

212 1673 252 1722 52.
289 1668 424 1723 Eumeda
437 1668 510 1722 inter
527 1683 557 1722 se
569 1668 623 1722 duo
640 1666 825 1737 imperatores,
839 1667 937 1721 summi
949 1667 1009 1737 riri,

159 1746 310 1812 certabant,
327 1745 379 1817 ipsi
390 1762 478 1815 pares,
495 1748 617 1799 ceterum
630 1745 726 1814 opibus
739 1745 900 1814 disparibus.
935 1745 962 1798 N
963 1762 1007 1799 am

160 1820 274 1874 Metello
288 1821 375 1874 virtus
393 1822 512 1875 militum
527 1825 594 1890 erat,
607 1821 682 1875 locus
696 1822 836 1889 advorsus,
853 1820 871 1873 J
873 1821 1009 1888 ugurthae

159 1896 212 1948 alia
223 1897 313 1950 omnia
325 1901 436 1966 praeter
447 1898 548 1951 milites
559 1901 719 1966 opportuna
751 1897 876 1967 Denique
885 1897 1007 1962 Romani,

159 1972 206 2024 ubi
227 1973 391 2041 intellegunt
416 1990 505 2043 neque
523 1974 576 2027 sibi
600 1974 756 2042 perfugium
773 1990 841 2041 esse,
862 1989 951 2041 neque
972 1972 1009 2025 ab

158 2048 238 2102 hoste
249 2049 353 2118 copiam
365 2050 505 2119 pugnandi
516 2050 584 2117 lieri,
596 2054 626 2103 et
639 2049 698 2117 jnm
713 2049 758 2103 dic
770 2066 868 2118 vesper
879 2053 947 2117 erat,
959 2049 1008 2102 ad-

158 2140 237 2178 vorso
255 2126 323 2179 colle
340 2125 419 2180 sicuti
435 2129 612 2194 praeceptum
629 2126 720 2180 fuerat
734 2126 859 2181 evadunt.
897 2125 1008 2179 Amisso

158 2200 216 2253 loco
229 2201 365 2255 Numidae
376 2201 430 2254 fusi
445 2202 601 2270 fugatique3
618 2202 698 2270 pauci
713 2202 848 2269 interiere,
862 2202 1008 2271 plerosque

158 2277 286 2329 velocitas
298 2281 327 2331 et
339 2279 414 2346 regio
426 2277 550 2331 hostibus
566 2277 661 2345 ignara
679 2280 770 2331 tutata
786 2282 857 2332 sunt.
893 2278 1007 2331 Interea
1094 2296 1100 2307 ·

158 2351 301 2419 Bomilcar,
310 2370 391 2420 quem
400 2353 553 2420 elephantis
565 2357 594 2407 et
606 2355 679 2421 parti
688 2354 825 2421 copiarum
837 2354 1006 2421 pedestrium

157 2429 326 2495 praefectum
339 2428 374 2483 ab
391 2430 531 2498 Jugurtha
548 2446 631 2497 supra
647 2428 774 2498 diximus,
786 2430 833 2483 ubi
852 2446 912 2482 eum
927 2429 1007 2481 Ruti-

157 2504 210 2556 lius
220 2508 441 2572 praetergressus
453 2510 503 2573 est,
517 2506 648 2575 paulatim
662 2522 725 2559 suos
736 2506 765 2558 in
783 2521 900 2573 aequum
917 2503 1006 2556 locum

158 2580 275 2642 deducit,
288 2597 319 2633 ac
333 2580 398 2633 dum
411 2581 567 2650 legatnscd
581 2581 749 2650 flumenque
765 2580 930 2650 praemissus
946 2581 1007 2631 erat

157 2654 288 2708 festinans
305 2657 403 2724 pergit,
422 2657 538 2724 quietus,
557 2659 599 2711 uti
617 2674 661 2711 res
679 2656 844 2725 postulabat,
859 2655 944 2708 aciem
962 2669 1007 2706 ex-

157 2734 245 2798 ornat,
257 2747 346 2798 neque
357 2732 475 2786 remittit
493 2733 560 2801 quid
579 2733 681 2801 ubique
699 2732 786 2786 hostis
802 2733 898 2798 ageret
916 2729 1007 2796 explo-

157 2822 226 2859 rare.
263 2806 413 2875 Postquam
440 2808 574 2861 Rutilium
601 2808 757 2862 consedisse
779 2806 837 2875 jam
864 2807 893 2857 et
916 2805 1006 2857 animo

158 2898 271 2934 vacuum
281 2883 387 2952 accepit
397 2883 530 2951 simulque
540 2900 574 2936 ex
583 2883 738 2950 Jugurthac
748 2881 851 2951 proelio
860 2879 1005 2932 clamorem

157 2959 260 3025 angeri,
275 2958 378 3011 veritus
396 2975 431 3011 ne
448 2958 554 3024 legatus
573 2958 681 3025 cognita
698 2972 729 3009 re
746 2954 933 3009 laborantibus
950 2955 1006 3006 suis

156 3024 257 3086 auxilio
270 3033 348 3095 foret,
361 3034 455 3096 aciem,
468 3049 549 3100 quam
565 3031 691 3083 diffidens
703 3030 800 3084 virtuti
812 3027 928 3081 militnm
945 3035 1006 3079 arte

157 3103 301 3176 statuerat,
320 3125 373 3177 quo
394 3108 513 3161 hostium
532 3106 624 3159 itineri
642 3105 769 3169 officeret,
787 3101 869 3156 latius
889 3102 1005 3168 porrigit

156 3183 245 3255 iroqrre
257 3184 339 3238 modo
351 3184 386 3236 ad
401 3183 486 3236 Rutili
499 3185 589 3234 castra
600 3177 731 3247 procedit.
