2275 3425
468 135 676 188 JUGURTHA.
725 132 733 143 ”
948 139 994 189 101

142 218 205 275 dies
216 224 394 289 consumptus
411 221 480 287 erat,
498 232 582 287 quarn
600 223 693 273 tamen
704 217 814 272 barbari
826 218 892 273 nihil
904 220 996 275 remit-

143 299 212 362 tere,
224 299 316 363 atque,
331 295 373 348 uti
391 312 472 363 reges
491 298 695 363 praeceperant,
710 297 818 348 noctem
829 311 879 363 pro
895 312 926 349 se
941 297 996 350 rati

143 371 233 424 acrius
245 371 354 426 instare.
391 371 460 424 'lum
477 371 581 424 Marius
598 386 633 424 ex
650 371 728 439 copia
746 385 838 424 rerum
854 371 996 425 eonsilium

143 447 237 513 trahit,
255 451 340 516 atque
357 445 400 502 uti
420 447 476 500 suis
498 446 622 516 receptui
646 447 720 501 locus
739 450 812 502 esset
833 448 907 502 collis
926 448 997 503 duos

143 521 308 591 propinquos
329 524 404 577 inter
426 539 456 577 se
479 526 602 590 occupat,
626 539 741 590 quorum
765 523 793 576 iu
816 539 871 577 uno
898 525 995 579 castris

143 614 239 666 purum
251 598 340 667 amplo
352 599 412 652 fons
424 615 511 667 aquae
526 614 641 666 maguus
657 602 724 665 erat,
741 599 812 653 alter
822 600 885 654 usui
896 616 995 668 oppor-

143 676 233 739 tunus,
246 674 311 741 quie
322 691 421 742 magna
432 678 512 742 parte
523 672 615 728 editus
627 677 657 728 et
667 690 799 744 praeceps
810 693 896 745 pauca
907 675 995 729 muni-

143 753 236 802 menta
252 750 410 818 quaerebat.
447 751 579 805 Ceterum
598 750 673 839 apud
691 767 790 820 aquam
810 751 914 806 Sullam
932 768 994 805 cum

143 824 280 892 equitibus
292 830 399 880 noctem
412 828 516 895 agitare
524 825 623 895 jubet;
640 827 700 896 ipse
712 827 844 896 paulatim
856 827 995 896 dispersos

143 899 244 954 milites
259 917 349 970 neque
368 902 457 955 minus
475 902 601 956 hostibus
616 903 806 956 conturbatis
797 920 826 956 ιιι
838 919 922 956 unum
934 919 996 955 con-

142 975 229 1029 trahit
229 976 310 1044 ‚dein
322 981 433 1031 cunctos
444 978 525 1046 pleno
536 979 646 1046 gradu
638 995 666 1031 ιιι
678 978 773 1031 collem
787 978 920 1031 subducit.
949 977 995 1031 Ita

143 1067 224 1118 reges
240 1051 291 1105 luci
308 1052 469 1107 difficultate
484 1054 582 1107 coacti
590 1054 692 1122 proelio
709 1053 890 1119 deterrentur,
904 1068 995 1120 neque

143 1128 236 1179 tamen
246 1143 308 1181 suos
320 1127 426 1217 longius
437 1129 514 1182 abire
526 1129 626 1194 sinunt,
635 1129 685 1183 sed
693 1132 811 1196 utroque
823 1127 890 1181 colle
901 1127 995 1181 multi-

142 1200 239 1255 tudine
255 1193 422 1257 circumdato
438 1204 516 1258 effusi
532 1204 687 1258 consedere
724 1204 794 1257 Dein
808 1202 934 1256 crebris
926 1202 994 1270 igni-

142 1276 194 1329 bus
213 1277 292 1331 lactis
309 1278 470 1348 plerumque
489 1280 578 1334 noctis
598 1278 708 1333 barbari
728 1295 776 1331 suo
794 1293 870 1332 more
890 1276 993 1340 laetari,

143 1352 293 1419 exsultare,
318 1357 443 1423 strepere
465 1354 592 1410 vocibus:
627 1354 712 1424 [et]
703 1355 756 1423 rpsi
783 1353 867 1408 duces
889 1353 994 1406 feroces
1043 1369 1047 1381 ·

143 1428 208 1496 quia
221 1444 275 1482 non
289 1430 419 1497 fugerant
434 1447 484 1499 pro
497 1430 646 1485 victoribus
659 1446 748 1498 agere.
784 1427 840 1482 Sed
852 1443 884 1481 ea
896 1427 992 1481 ennete

144 1502 275 1558 Romame
298 1521 332 1557 ex
356 1505 479 1559 tenebris
499 1510 529 1560 et
552 1504 714 1560 editioribus
737 1504 803 1558 locis
825 1503 915 1557 facilia
934 1503 994 1557 visu

143 1594 297 1648 magnoque
308 1580 480 1635 hortamento
493 1587 578 1637 erant.

196 1662 236 1710 99.
272 1655 432 1710 Plurumum
444 1674 508 1713 vero
524 1658 629 1712 Marius
645 1656 783 1726 imperitia
795 1655 916 1715 hostium
930 1670 993 1709 oon-

143 1730 275 1801 firmatus,
295 1750 377 1802 quam
396 1749 553 1788 maxumum
574 1735 713 1788 silentium
733 1733 828 1787 haberi
848 1732 937 1801 jubet,
957 1748 993 1785 ne

144 1807 222 1875 signa
239 1809 350 1877 quidem
368 1809 409 1863 uti
427 1827 478 1879 per
489 1810 596 1878 vigilias
614 1810 739 1864 solebant
756 1825 867 1873 conere;
885 1807 993 1875 deinde,

142 1883 190 1936 ubi
203 1884 251 1937 lux
267 1884 442 1955 adventabat,
460 1886 575 1940 defessis
585 1885 646 1954 jam
657 1885 782 1938 hostibus
794 1889 824 1939 et
834 1883 916 1953 paulo
927 1890 992 1937 ante

143 1976 237 2013 somno
261 1962 356 2030 ceptis,
381 1963 417 2016 de
440 1963 587 2031 improviso
612 1962 715 2030 vigiles,
741 1961 808 2014 item
831 1960 992 2021 cohortium,

142 2038 302 2104 turmarum,
311 2038 445 2105 legionum
460 2038 595 2092 tubicines
607 2036 687 2091 simul
700 2037 788 2090 omnis
800 2037 877 2105 signa
886 2052 991 2102 canere,
1068 2061 1071 2066 Δ

142 2110 244 2165 milites
256 2112 401 2166 clamorem
412 2113 510 2167 tollere
521 2117 607 2182 atque
616 2113 702 2181 portis
714 2128 865 2181 erumpere.
900 2110 991 2165 Mauri

142 2189 227 2254 atque
245 2187 353 2242 Gaetuli
369 2190 462 2257 ignoto
480 2193 509 2243 et
523 2188 647 2242 horribili
667 2188 757 2242 sonitu
775 2191 890 2258 repente
909 2187 990 2242 exciti

142 2278 233 2330 neque
247 2263 350 2332 fugero,
365 2281 456 2333 neque
473 2281 549 2318 arma
562 2280 767 2334 cuperemque
780 2264 888 2318 omnino
900 2264 992 2318 facere

142 2341 191 2391 aut
204 2339 348 2406 providere
364 2341 507 2409 quicquam
524 2344 667 2409 poterant;
683 2340 723 2393 ita
737 2344 849 2394 cunctos
865 2340 991 2407 strepitu,

142 2414 265 2480 elamore,
277 2416 352 2469 nullo
364 2415 548 2482 subveniente,
562 2420 626 2470 nost
626 2417 664 2469 ιιι
614 2416 850 2484 tinstantibus‚
861 2415 991 2481 tumultu

142 2498 248 2544 terrore
259 2456 376 2544 ’formido
388 2508 466 2560 quaer
458 2492 603 2545 vecordia
614 2494 732 2560 ceperat.
763 2491 889 2559 Denique
898 2506 991 2544 omnes

141 2564 194 2618 fusi
208 2557 365 2635 fugatique3
383 2584 459 2621 arma
475 2571 504 2621 et
520 2568 597 2635 signa
612 2567 742 2621 militaria
758 2566 889 2634 pleraque
904 2568 991 2652 capta,

140 2640 287 2711 pluresque
306 2660 338 2697 eo
362 2643 465 2711 proelio
488 2659 570 2711 quam
595 2643 719 2696 omnibus
743 2640 959 2711 superioribus
951 2655 991 2691 rn-

141 2717 286 2786 terempti3
302 2734 365 2771 nam
377 2735 471 2772 somno
483 2723 513 2772 et
524 2722 601 2772 metu
613 2716 721 2772 insolito
733 2717 865 2786 impedita
877 2715 948 2782 fuga.

195 2799 252 2847 100.
288 2794 358 2848 Dein
375 2794 486 2860 Marius,
501 2794 543 2847 uti
556 2796 691 2862 coeperat,
705 2791 734 2845 ιιι
745 2792 860 2846 hiberna
872 2790 991 2858 proficis·

141 2868 220 2936 citur,
245 2885 315 2936 quae
334 2873 447 2939 propter
466 2874 647 2923 commeatum
664 2869 694 2922 in
712 2867 820 2937 oppidis
837 2865 990 2919 maritumis

141 2960 224 3012 agere
236 2944 413 3010 decreverat3
430 2961 518 3012 nequa
530 2949 623 2999 tamen
635 2944 747 2998 victoria
759 2958 849 2996 secors
860 2944 908 2994 aut
920 2940 990 2993 inso-

140 3018 200 3073 lens
211 3020 308 3087 factus,
316 3020 364 3073 sed
377 3019 481 3087 pariter
493 3023 578 3088 atque
586 3021 613 3073 in
623 3021 769 3085 conspectu
778 3016 895 3069 hostium
906 3014 990 3081 quad-

140 3095 202 3149 rato
214 3094 322 3162 agmine
334 3094 469 3147 incedere.
505 3095 580 3147 Sulla
592 3111 654 3147 cum
669 3092 794 3158 equitatu
806 3089 880 3160 apud
894 3088 990 3141 dexto-

140 3186 207 3236 mus,
222 3170 251 3223 in
268 3169 377 3223 sinistra
392 3174 472 3237 parte
492 3171 526 3222 Α.
540 3168 660 3222 Manlius
677 3183 740 3221 cum
756 3162 942 3219 funditoribus
960 3167 989 3215 et

542 3250 559 3300 9
