2275 3425
494 150 701 200 nocuerim.
991 136 1022 203 5'7

165 228 361 356 'proficiscitur
397 229 431 282 In
443 230 575 284 Numidia
587 234 614 284 et
627 232 751 285 exercitu
762 236 855 287 nostra
871 250 926 302 pax
938 235 1022 302 agita-

193 307 263 358 atur.

225 386 266 434 30.
304 379 453 449 Postquam
474 399 518 436 res
539 382 567 435 in
589 382 683 436 Africa
700 387 793 450 gestas
811 400 920 452 quoque
940 384 1022 437 modo

172 459 249 510 actae
261 458 351 511 forent
362 458 435 510 fama
447 457 601 526 divulgavit,
616 458 719 512 Romae
736 460 884 526 peremnis
902 460 975 513 locos
992 463 1022 513 et

172 537 320 586 conventus
332 533 368 587 de
380 534 452 588 facto
465 535 581 588 consulis
599 536 705 602 agitari.
745 535 828 604 Apud
840 535 950 604 plebem
962 553 1022 604 gra-

171 610 213 662 vis
230 610 338 678 invidia,
350 614 444 679 patres
462 610 581 681 [solliciti
595 616 672 665 erant
681 611 698 680 3]
716 612 900 681 probarentne
913 615 1021 665 tantum

172 685 303 753 flagitium
316 703 350 739 au
363 687 503 741 decretum
516 688 633 741 consulis
646 689 838 742 subverterent
849 705 945 758 parum
959 705 1021 742 con-

172 761 270 816 stabat.
303 765 345 816 Ac
357 781 484 818 maxume
496 780 543 817 eos
554 765 679 834 potentia
692 765 793 829 Scauri,
804 764 913 833 quadis
925 768 1022 818 auctor

171 840 201 890 et
210 839 298 892 socius
311 839 422 893 Bestiae
434 840 583 908 ferebatur,
596 857 612 893 a
624 857 688 894 vero
706 840 831 909 bonoque
844 839 1019 909 impediebat.

173 915 214 967 At
232 915 261 968 (l.
274 915 427 982 Memmius,
440 916 518 984 cujus
536 915 573 969 de
591 916 719 970 libertate
737 917 828 984 ingeni
846 920 875 969 et
893 915 956 969 odio
974 932 1020 984 po-

171 990 275 1043 tentiae
287 990 438 1044 nobilitatis
451 1009 533 1060 snpra
547 992 669 1071 diximus
683 993 764 1046 iuter
774 992 972 1046 dubitationem
991 999 1020 1044 et

172 1082 260 1119 moras
284 1070 395 1120 senatus
419 1069 591 1137 contionibus
614 1069 745 1137 populum
768 1068 804 1121 ad
827 1067 1019 1122 vindicandum

170 1141 282 1210 hortari,
294 1160 411 1210 mouere,
423 1161 458 1197 ne
475 1161 534 1197 rem
552 1144 697 1212 publicam,
715 1160 750 1197 ne
768 1144 925 1197 libertatem
943 1160 1019 1196 suam

171 1217 337 1285 desererent,
350 1220 437 1273 multe
449 1220 566 1287 superba
579 1224 608 1274 et
624 1219 746 1272 crudelia
757 1220 878 1273 facinora
895 1219 1020 1272 nobilita-

171 1295 208 1347 tis
215 1295 374 1359 ostendere3
386 1313 497 1365 prorsus
506 1296 628 1350 intentus
636 1296 708 1348 omni
715 1296 796 1348 modo
806 1296 892 1363 plebis
899 1295 1019 1348 animum

171 1371 343 1426 accendebat.
363 1371 419 1424 Sed
431 1373 558 1439 quoniam
572 1388 605 1424 ea
612 1375 780 1439 tempestate
794 1372 897 1425 Romae
906 1372 1019 1424 Memmi
1061 1381 1068 1389 '

170 1445 298 1499 facundia
309 1447 382 1500 clare
398 1447 558 1515 pollensque
576 1447 636 1515 fuit,
649 1447 748 1501 decere
760 1447 921 1500 existumavi
937 1464 1018 1500 unam

171 1537 206 1573 ex
223 1525 281 1575 tam
298 1523 391 1576 multis
409 1523 560 1577 orationem
579 1523 639 1590 ejus
660 1522 837 1591 perscribere,
855 1539 886 1576 ac
902 1523 1019 1592 potissu-

170 1613 245 1650 mum
258 1615 291 1651 ea
308 1599 396 1651 dicem
413 1615 483 1666 quae
500 1599 529 1652 in
547 1599 672 1652 contione
689 1602 752 1667 post
769 1598 889 1652 reditum
908 1599 1019 1654 Bestiae

171 1672 358 1742 hujuscemodi
370 1674 462 1729 verbis
475 1675 621 1729 disseruit:
794 1734 795 1737 Ἴ
938 1690 941 1695 ‘

224 1758 265 1804 31.
283 1750 395 1804 “Multa
406 1768 450 1804 me
462 1751 643 1806 dehortantur
654 1768 670 1804 a
682 1751 766 1819 vobis,
780 1752 908 1820 Quirites,
921 1752 949 1806 ni
962 1755 1018 1805 stu-

171 1826 247 1880 dium
263 1827 303 1880 rei
318 1825 444 1895 publicae
461 1828 551 1881 omnia
565 1831 684 1897 superet,
693 1832 767 1896 'opes
782 1828 913 1896 factionis,
926 1832 1018 1882 vostra

169 1903 310 1972 patientia,
319 1902 367 1970 jus
378 1903 491 1970 nullum,
503 1921 534 1958 ac
544 1919 671 1957 maxume
684 1904 759 1971 quod
771 1903 941 1958 innocentiae
956 1905 1017 1973 plus

169 1978 283 2047 periculi
300 1995 381 2048 quam
395 1979 572 2033 honorisest.
604 1979 630 2031 N
632 1996 675 2032 am
690 1979 737 2033 illa
754 1980 865 2049 quidem
882 1981 959 2049 piget
977 1981 1017 2033 di-

169 2072 240 2123 cere,
253 2055 295 2108 his
311 2056 386 2107 annis
401 2055 498 2123 idginti
514 2072 597 2124 quam
614 2054 733 2109 ludibrio
750 2056 858 2109 fueritis
874 2056 1017 2125 superbiae

169 2148 324 2200 paucorum,
338 2148 419 2199 quiem
436 2132 515 2184 foede
531 2147 667 2199 quamque
686 2131 770 2190 inulti,
783 2132 916 2201 perierint
931 2134 1016 2186 vostri

169 2208 334 2271 defensores,
351 2210 383 2259 ut
398 2207 474 2260 vobis
490 2208 596 2260 animus
617 2205 653 2260 ab
667 2207 775 2275 ignaria
793 2212 876 2275 atque
893 2207 1017 2262 secordia

168 2289 313 2351 corruptus
325 2284 368 2350 sit,
381 2283 427 2351 qui
439 2299 474 2336 ne
488 2300 560 2337 nuuc
575 2282 687 2351 quidem
703 2283 829 2338 obnoxiis
844 2284 959 2338 inimicis
972 2300 1017 2337 ex·

169 2359 288 2427 surgitis,
300 2362 383 2427 atquc
396 2358 551 2412 etiamnunc
566 2359 672 2413 timetis
688 2375 743 2427 eos,
761 2360 858 2427 quibus
870 2360 951 2414 decet
962 2363 1018 2413 ter-

169 2436 224 2488 rori
241 2451 307 2488 esse.
344 2435 400 2488 Sed
422 2451 587 2503 quamquam
603 2434 670 2488 haec
691 2435 758 2489 talia
774 2439 844 2503 sunt,
861 2445 953 2489 tamen
971 2435 1017 2488 ob-

169 2512 239 2564 viam
252 2510 294 2564 ire
309 2510 434 2564 factionis
448 2507 589 2579 potentiae
603 2511 709 2564 animus
723 2510 832 2580 subigit.
868 2512 951 2565 Certe
964 2528 1016 2578 ego
1053 2556 1057 2563 .

168 2586 331 2654 libertatem,
350 2603 420 2653 quae
441 2586 507 2639 mihi
523 2603 540 2639 a
556 2593 671 2656 parente
694 2603 755 2640 meo
773 2588 877 2640 tradita
900 2591 951 2653 est,
970 2604 1016 2644 ex-

168 2663 273 2730 periar3
289 2679 384 2715 verum
402 2662 432 2715 id
447 2662 549 2715 fnxstra
566 2679 601 2716 an
624 2662 660 2715 ob
680 2679 739 2716 rem
755 2662 859 2726 faciam,
880 2663 908 2714 in
924 2666 1016 2716 vostra

168 2754 250 2791 mauu
270 2737 352 2791 situm
376 2740 426 2802 est,
447 2738 574 2802 Quirites.
619 2739 716 2805 Neque
740 2753 792 2805 ego
819 2736 889 2807 [vos]
913 2737 1015 2804 hortor,

168 2813 243 2881 quod
261 2830 341 2882 saepe
361 2813 480 2882 majores
498 2814 585 2867 vostri
606 2814 703 2881 secere,
722 2814 764 2866 uti
786 2817 880 2868 contra
903 2812 1016 2879 injurias

168 2890 265 2943 armati
277 2890 356 2943 eatis.
380 2889 453 2942 Nihil
463 2890 497 2956 vi,
506 2889 573 2942 nihil
583 2889 736 2943 secessione
749 2905 818 2957 opus
830 2891 887 2951 est;
905 2904 1016 2942 neccsse

168 2970 211 3019 est
223 2969 330 3019 suomet
343 2965 397 3035 ipsi
414 2981 491 3018 more
506 2965 671 3033 praecipites
688 2968 760 3016 eant.
797 2963 893 3015 Occiso
907 2962 1016 3016 Tiberio

168 3041 298 3110 Graccho,
312 3058 392 3109 quem
410 3057 524 3108 regnum
545 3056 644 3108 parare
656 3038 773 3103 aiebant,
794 3037 822 3089 in
840 3036 948 3104 plebem
962 3038 1012 3090 Ro-

167 3134 276 3171 manam
288 3118 460 3186 quaestiones
471 3115 581 3168 habitae
594 3117 671 3177 sunt;
689 3115 752 3178 post
765 3112 794 3164 0.
808 3110 922 3164 Gracchi
936 3114 965 3163 et
978 3111 1015 3166 M.

168 3194 248 3249 Fulvi
272 3193 384 3248 caedem
409 3194 476 3245 item
499 3189 583 3243 rostri
605 3187 709 3241 ordinis
732 3186 811 3239 multi
833 3176 962 3237 mortales
988 3185 1016 3236 in
