<?xml version="1.0" encoding="UTF-8"?>
<!DOCTYPE html PUBLIC "-//W3C//DTD XHTML 1.0 Transitional//EN"
    "http://www.w3.org/TR/xhtml1/DTD/xhtml1-transitional.dtd">
<html xmlns="http://www.w3.org/1999/xhtml" xml:lang="en" lang="en">
 <head>
  <title>
</title>
<meta http-equiv="Content-Type" content="text/html;charset=utf-8" />
  <meta name='ocr-system' content='tesseract 3.04.00' />
  <meta name='ocr-capabilities' content='ocr_page ocr_carea ocr_par ocr_line ocrx_word'/>
</head>
<body>
  <div class='ocr_page' id='page_1' title='image "./csallusticrispi00longgoog_0058.png"; bbox 0 0 2275 3425; ppageno 0'>
   <div class='ocr_carea' id='block_1_1' title="bbox 124 128 723 193">
    <p class='ocr_par' dir='ltr' id='par_1_1' title="bbox 124 128 723 193">
     <span class='ocr_line' id='line_1_1' title="bbox 124 128 723 193; baseline -0.012 -1"><span class='ocrx_word' id='word_1_1' title='bbox 124 144 155 193; x_wconf 72' lang='lat'>44</span> <span class='ocrx_word' id='word_1_2' title='bbox 369 142 396 189; x_wconf 87' lang='lat' dir='ltr'>C.</span> <span class='ocrx_word' id='word_1_3' title='bbox 415 137 589 189; x_wconf 82' lang='lat' dir='ltr'>SALLUSTI</span> <span class='ocrx_word' id='word_1_4' title='bbox 606 128 723 186; x_wconf 79' lang='lat' dir='ltr'>CRISPI</span> 
     </span>
    </p>
   </div>
   <div class='ocr_carea' id='block_1_2' title="bbox 124 212 1017 2877">
    <p class='ocr_par' dir='ltr' id='par_1_2' title="bbox 124 212 974 746">
     <span class='ocr_line' id='line_1_2' title="bbox 125 212 972 291; baseline -0.012 -15"><span class='ocrx_word' id='word_1_5' title='bbox 125 224 177 277; x_wconf 84' lang='lat' dir='ltr'>nris</span> <span class='ocrx_word' id='word_1_6' title='bbox 198 216 275 280; x_wconf 86' lang='lat' dir='ltr'>aunis</span> <span class='ocrx_word' id='word_1_7' title='bbox 296 214 473 291; x_wconf 88' lang='lat' dir='ltr'>adoptatione</span> <span class='ocrx_word' id='word_1_8' title='bbox 494 219 523 271; x_wconf 90' lang='lat' dir='ltr'>in</span> <span class='ocrx_word' id='word_1_9' title='bbox 545 235 660 285; x_wconf 78' lang='lat' dir='ltr'>reguum</span> <span class='ocrx_word' id='word_1_10' title='bbox 683 218 847 285; x_wconf 81' lang='lat' dir='ltr'>pervenisse.</span> <span class='ocrx_word' id='word_1_11' title='bbox 893 212 972 280; x_wconf 82' lang='lat' dir='ltr'>Quod</span> 
     </span>
     <span class='ocr_line' id='line_1_3' title="bbox 124 293 972 367; baseline -0.009 -14"><span class='ocrx_word' id='word_1_12' title='bbox 124 300 236 353; x_wconf 85' lang='lat' dir='ltr'>verbum</span> <span class='ocrx_word' id='word_1_13' title='bbox 249 300 277 352; x_wconf 91' lang='lat' dir='ltr'>in</span> <span class='ocrx_word' id='word_1_14' title='bbox 289 302 386 367; x_wconf 83' lang='lat' dir='ltr'>pectus</span> <span class='ocrx_word' id='word_1_15' title='bbox 396 295 550 361; x_wconf 74' lang='lat' dir='ltr'>iugurthae</span> <span class='ocrx_word' id='word_1_16' title='bbox 562 293 644 347; x_wconf 86' lang='lat' dir='ltr'>altius</span> <span class='ocrx_word' id='word_1_17' title='bbox 654 312 733 362; x_wconf 82' lang='lat' dir='ltr'>quarn</span> <span class='ocrx_word' id='word_1_18' title='bbox 744 295 887 362; x_wconf 86' lang='lat' dir='ltr'>quisquam</span> <span class='ocrx_word' id='word_1_19' title='bbox 895 296 972 346; x_wconf 87' lang='lat' dir='ltr'>ratus</span> 
     </span>
     <span class='ocr_line' id='line_1_4' title="bbox 125 371 973 445; baseline -0.012 -15"><span class='ocrx_word' id='word_1_20' title='bbox 125 375 207 445; x_wconf 89' lang='lat' dir='ltr'>[erat]</span> <span class='ocrx_word' id='word_1_21' title='bbox 226 374 375 428; x_wconf 87' lang='lat' dir='ltr'>descendit.</span> <span class='ocrx_word' id='word_1_22' title='bbox 412 371 511 439; x_wconf 87' lang='lat' dir='ltr'>Itaque</span> <span class='ocrx_word' id='word_1_23' title='bbox 529 388 563 424; x_wconf 85' lang='lat' dir='ltr'>ex</span> <span class='ocrx_word' id='word_1_24' title='bbox 582 387 615 424; x_wconf 86' lang='lat' dir='ltr'>ec</span> <span class='ocrx_word' id='word_1_25' title='bbox 639 375 763 440; x_wconf 90' lang='lat' dir='ltr'>tempore</span> <span class='ocrx_word' id='word_1_26' title='bbox 786 371 826 423; x_wconf 90' lang='lat' dir='ltr'>ira</span> <span class='ocrx_word' id='word_1_27' title='bbox 849 374 878 423; x_wconf 84' lang='lat' dir='ltr'>et</span> <span class='ocrx_word' id='word_1_28' title='bbox 897 371 973 421; x_wconf 83' lang='lat' dir='ltr'>metu</span> 
     </span>
     <span class='ocr_line' id='line_1_5' title="bbox 125 445 973 518; baseline -0.008 -13"><span class='ocrx_word' id='word_1_29' title='bbox 125 452 222 505; x_wconf 82' lang='lat' dir='ltr'>anxius</span> <span class='ocrx_word' id='word_1_30' title='bbox 234 450 331 517; x_wconf 87' lang='lat' dir='ltr'>moliri,</span> <span class='ocrx_word' id='word_1_31' title='bbox 342 466 440 518; x_wconf 87' lang='lat' dir='ltr'>parare</span> <span class='ocrx_word' id='word_1_32' title='bbox 452 452 537 516; x_wconf 88' lang='lat' dir='ltr'>atque</span> <span class='ocrx_word' id='word_1_33' title='bbox 550 465 583 502; x_wconf 86' lang='lat' dir='ltr'>ea</span> <span class='ocrx_word' id='word_1_34' title='bbox 595 448 676 501; x_wconf 91' lang='lat' dir='ltr'>modo</span> <span class='ocrx_word' id='word_1_35' title='bbox 692 465 754 501; x_wconf 89' lang='lat' dir='ltr'>cnm</span> <span class='ocrx_word' id='word_1_36' title='bbox 770 448 859 501; x_wconf 90' lang='lat' dir='ltr'>auimo</span> <span class='ocrx_word' id='word_1_37' title='bbox 870 445 973 499; x_wconf 86' lang='lat' dir='ltr'>habere</span> 
     </span>
     <span class='ocr_line' id='line_1_6' title="bbox 126 522 973 595; baseline -0.007 -15"><span class='ocrx_word' id='word_1_38' title='bbox 126 526 223 594; x_wconf 93' lang='lat' dir='ltr'>quibus</span> <span class='ocrx_word' id='word_1_39' title='bbox 241 526 385 595; x_wconf 80' lang='lat' dir='ltr'>Hiempsal</span> <span class='ocrx_word' id='word_1_40' title='bbox 398 541 448 593; x_wconf 88' lang='lat' dir='ltr'>per</span> <span class='ocrx_word' id='word_1_41' title='bbox 463 524 555 578; x_wconf 91' lang='lat' dir='ltr'>dolum</span> <span class='ocrx_word' id='word_1_42' title='bbox 573 528 724 591; x_wconf 85' lang='lat' dir='ltr'>caperetur.</span> <span class='ocrx_word' id='word_1_43' title='bbox 760 524 836 587; x_wconf 80' lang='lat' dir='ltr'>Quae</span> <span class='ocrx_word' id='word_1_44' title='bbox 855 522 903 576; x_wconf 92' lang='lat' dir='ltr'>ubi</span> <span class='ocrx_word' id='word_1_45' title='bbox 917 525 973 575; x_wconf 90' lang='lat' dir='ltr'>tar-</span> 
     </span>
     <span class='ocr_line' id='line_1_7' title="bbox 126 597 974 671; baseline -0.006 -15"><span class='ocrx_word' id='word_1_46' title='bbox 126 603 188 656; x_wconf 84' lang='lat' dir='ltr'>dius</span> <span class='ocrx_word' id='word_1_47' title='bbox 212 603 365 671; x_wconf 86' lang='lat' dir='ltr'>prooedunt</span> <span class='ocrx_word' id='word_1_48' title='bbox 393 618 482 670; x_wconf 88' lang='lat' dir='ltr'>neque</span> <span class='ocrx_word' id='word_1_49' title='bbox 510 600 614 653; x_wconf 76' lang='lat' dir='ltr'>lenitur</span> <span class='ocrx_word' id='word_1_50' title='bbox 639 600 745 653; x_wconf 84' lang='lat' dir='ltr'>animus</span> <span class='ocrx_word' id='word_1_51' title='bbox 767 599 852 666; x_wconf 83' lang='lat' dir='ltr'>ferox,</span> <span class='ocrx_word' id='word_1_52' title='bbox 876 597 974 652; x_wconf 75' lang='lat' dir='ltr'><strong>statuit</strong></span> 
     </span>
     <span class='ocr_line' id='line_1_8' title="bbox 126 677 633 746; baseline -0.01 -13"><span class='ocrx_word' id='word_1_53' title='bbox 126 680 221 746; x_wconf 80' lang='lat' dir='ltr'>quovis</span> <span class='ocrx_word' id='word_1_54' title='bbox 238 678 319 731; x_wconf 91' lang='lat' dir='ltr'>modo</span> <span class='ocrx_word' id='word_1_55' title='bbox 336 679 475 746; x_wconf 89' lang='lat' dir='ltr'>inceptum</span> <span class='ocrx_word' id='word_1_56' title='bbox 493 677 633 745; x_wconf 86' lang='lat' dir='ltr'>perficere.</span> 
     </span>
    </p>

    <p class='ocr_par' dir='ltr' id='par_1_3' title="bbox 127 751 984 2404">
     <span class='ocr_line' id='line_1_9' title="bbox 181 751 975 822; baseline -0.001 -15"><span class='ocrx_word' id='word_1_57' title='bbox 181 760 220 808; x_wconf 79' lang='lat'>12.</span> <span class='ocrx_word' id='word_1_58' title='bbox 256 753 348 806; x_wconf 90' lang='lat' dir='ltr'>Primo</span> <span class='ocrx_word' id='word_1_59' title='bbox 360 758 502 820; x_wconf 88' lang='lat' dir='ltr'>conventu,</span> <span class='ocrx_word' id='word_1_60' title='bbox 515 768 597 822; x_wconf 92' lang='lat' dir='ltr'>quem</span> <span class='ocrx_word' id='word_1_61' title='bbox 611 752 647 806; x_wconf 88' lang='lat' dir='ltr'>ab</span> <span class='ocrx_word' id='word_1_62' title='bbox 659 751 762 819; x_wconf 84' lang='lat' dir='ltr'>regulis</span> <span class='ocrx_word' id='word_1_63' title='bbox 776 752 880 806; x_wconf 85' lang='lat' dir='ltr'>factum</span> <span class='ocrx_word' id='word_1_64' title='bbox 892 767 975 821; x_wconf 86' lang='lat' dir='ltr'>supra</span> 
     </span>
     <span class='ocr_line' id='line_1_10' title="bbox 127 827 975 898; baseline 0 -15"><span class='ocrx_word' id='word_1_65' title='bbox 127 830 282 896; x_wconf 81' lang='lat' dir='ltr'>memoravi,</span> <span class='ocrx_word' id='word_1_66' title='bbox 290 831 405 898; x_wconf 77' lang='lat' dir='ltr'>propter</span> <span class='ocrx_word' id='word_1_67' title='bbox 414 829 610 882; x_wconf 80' lang='lat' dir='ltr'>dissensionem</span> <span class='ocrx_word' id='word_1_68' title='bbox 621 827 762 897; x_wconf 77' lang='lat' dir='ltr'>placuerat</span> <span class='ocrx_word' id='word_1_69' title='bbox 771 828 856 881; x_wconf 89' lang='lat' dir='ltr'>dividi</span> <span class='ocrx_word' id='word_1_70' title='bbox 867 829 975 883; x_wconf 91' lang='lat' dir='ltr'>thesau-</span> 
     </span>
     <span class='ocr_line' id='line_1_11' title="bbox 127 904 975 975; baseline 0.001 -17"><span class='ocrx_word' id='word_1_71' title='bbox 127 922 172 958; x_wconf 86' lang='lat' dir='ltr'>ros</span> <span class='ocrx_word' id='word_1_72' title='bbox 191 906 307 974; x_wconf 88' lang='lat' dir='ltr'>fiuisq&#39;ue</span> <span class='ocrx_word' id='word_1_73' title='bbox 328 905 425 974; x_wconf 87' lang='lat' dir='ltr'>imperi</span> <span class='ocrx_word' id='word_1_74' title='bbox 447 905 559 973; x_wconf 82' lang='lat' dir='ltr'>siugulis</span> <span class='ocrx_word' id='word_1_75' title='bbox 577 905 712 959; x_wconf 89' lang='lat' dir='ltr'>constitui.</span> <span class='ocrx_word' id='word_1_76' title='bbox 747 904 855 973; x_wconf 83' lang='lat' dir='ltr'>Itaque¹</span> <span class='ocrx_word' id='word_1_77' title='bbox 865 908 975 975; x_wconf 88' lang='lat' dir='ltr'>tempus</span> 
     </span>
     <span class='ocr_line' id='line_1_12' title="bbox 127 980 976 1049; baseline -0.002 -14"><span class='ocrx_word' id='word_1_78' title='bbox 127 982 163 1035; x_wconf 92' lang='lat' dir='ltr'>ad</span> <span class='ocrx_word' id='word_1_79' title='bbox 180 986 325 1049; x_wconf 86' lang='lat' dir='ltr'>utramque</span> <span class='ocrx_word' id='word_1_80' title='bbox 344 999 402 1035; x_wconf 90' lang='lat' dir='ltr'>rem</span> <span class='ocrx_word' id='word_1_81' title='bbox 421 982 585 1049; x_wconf 83' lang='lat' dir='ltr'>decernitur,</span> <span class='ocrx_word' id='word_1_82' title='bbox 609 980 658 1034; x_wconf 89' lang='lat' dir='ltr'>sed</span> <span class='ocrx_word' id='word_1_83' title='bbox 681 981 815 1042; x_wconf 82' lang='lat' dir='ltr'>maturius</span> <span class='ocrx_word' id='word_1_84' title='bbox 838 980 873 1033; x_wconf 84' lang='lat' dir='ltr'>ad</span> <span class='ocrx_word' id='word_1_85' title='bbox 895 997 976 1049; x_wconf 86' lang='lat' dir='ltr'>pecu-</span> 
     </span>
     <span class='ocr_line' id='line_1_13' title="bbox 127 1057 976 1126; baseline -0.001 -15"><span class='ocrx_word' id='word_1_86' title='bbox 127 1059 201 1111; x_wconf 84' lang='lat' dir='ltr'>niam</span> <span class='ocrx_word' id='word_1_87' title='bbox 213 1057 436 1113; x_wconf 89' lang='lat' dir='ltr'>distribuendam.</span> <span class='ocrx_word' id='word_1_88' title='bbox 474 1057 574 1125; x_wconf 84' lang='lat' dir='ltr'>Reguli</span> <span class='ocrx_word' id='word_1_89' title='bbox 586 1059 692 1110; x_wconf 89' lang='lat' dir='ltr'>interea</span> <span class='ocrx_word' id='word_1_90' title='bbox 707 1057 736 1110; x_wconf 91' lang='lat' dir='ltr'>iu</span> <span class='ocrx_word' id='word_1_91' title='bbox 753 1057 812 1110; x_wconf 89' lang='lat' dir='ltr'>loca</span> <span class='ocrx_word' id='word_1_92' title='bbox 823 1058 976 1126; x_wconf 85' lang='lat' dir='ltr'>propinqua</span> 
     </span>
     <span class='ocr_line' id='line_1_14' title="bbox 127 1132 976 1210; baseline -0.002 -23"><span class='ocrx_word' id='word_1_93' title='bbox 127 1134 263 1187; x_wconf 84' lang='lat' dir='ltr'>thesauris</span> <span class='ocrx_word' id='word_1_94' title='bbox 274 1135 342 1187; x_wconf 86' lang='lat' dir='ltr'>alius</span> <span class='ocrx_word' id='word_1_95' title='bbox 355 1135 407 1188; x_wconf 90' lang='lat' dir='ltr'>alio</span> <span class='ocrx_word' id='word_1_96' title='bbox 419 1151 584 1210; x_wconf 83' lang='lat' dir='ltr'>concessere.</span> <span class='ocrx_word' id='word_1_97' title='bbox 611 1133 667 1186; x_wconf 78' lang='lat' dir='ltr'>Sed</span> <span class='ocrx_word' id='word_1_98' title='bbox 679 1132 823 1200; x_wconf 82' lang='lat' dir='ltr'>Hiempsal</span> <span class='ocrx_word' id='word_1_99' title='bbox 834 1133 862 1186; x_wconf 89' lang='lat' dir='ltr'>in</span> <span class='ocrx_word' id='word_1_100' title='bbox 874 1133 976 1202; x_wconf 90' lang='lat' dir='ltr'>oppido</span> 
     </span>
     <span class='ocr_line' id='line_1_15' title="bbox 129 1208 977 1278; baseline 0 -17"><span class='ocrx_word' id='word_1_101' title='bbox 129 1209 269 1263; x_wconf 83' lang='lat' dir='ltr'>Thirmida</span> <span class='ocrx_word' id='word_1_102' title='bbox 285 1211 357 1263; x_wconf 86' lang='lat' dir='ltr'>forte</span> <span class='ocrx_word' id='word_1_103' title='bbox 373 1211 434 1278; x_wconf 90' lang='lat' dir='ltr'>ejus</span> <span class='ocrx_word' id='word_1_104' title='bbox 450 1210 531 1263; x_wconf 92' lang='lat' dir='ltr'>domo</span> <span class='ocrx_word' id='word_1_105' title='bbox 547 1210 685 1275; x_wconf 86' lang='lat' dir='ltr'>utebatur,</span> <span class='ocrx_word' id='word_1_106' title='bbox 702 1209 749 1277; x_wconf 89' lang='lat' dir='ltr'>qui</span> <span class='ocrx_word' id='word_1_107' title='bbox 765 1225 914 1278; x_wconf 83' lang='lat' dir='ltr'>proxumus</span> <span class='ocrx_word' id='word_1_108' title='bbox 929 1208 977 1261; x_wconf 90' lang='lat' dir='ltr'>lic·</span> 
     </span>
     <span class='ocr_line' id='line_1_16' title="bbox 128 1285 977 1356; baseline -0.002 -17"><span class='ocrx_word' id='word_1_109' title='bbox 128 1291 173 1339; x_wconf 90' lang='lat' dir='ltr'>tor</span> <span class='ocrx_word' id='word_1_110' title='bbox 194 1285 348 1353; x_wconf 78' lang='lat' dir='ltr'>Jugurthae</span> <span class='ocrx_word' id='word_1_111' title='bbox 375 1304 454 1340; x_wconf 87' lang='lat' dir='ltr'>carus</span> <span class='ocrx_word' id='word_1_112' title='bbox 479 1291 662 1356; x_wconf 85' lang='lat' dir='ltr'>acceptusque</span> <span class='ocrx_word' id='word_1_113' title='bbox 686 1287 712 1339; x_wconf 89' lang='lat' dir='ltr'>ei</span> <span class='ocrx_word' id='word_1_114' title='bbox 736 1301 844 1354; x_wconf 85' lang='lat' dir='ltr'>semper</span> <span class='ocrx_word' id='word_1_115' title='bbox 870 1285 977 1349; x_wconf 80' lang='lat' dir='ltr'>fuerat3</span> 
     </span>
     <span class='ocr_line' id='line_1_17' title="bbox 129 1361 977 1433; baseline 0 -20"><span class='ocrx_word' id='word_1_116' title='bbox 129 1379 210 1429; x_wconf 88' lang='lat' dir='ltr'>quem</span> <span class='ocrx_word' id='word_1_117' title='bbox 222 1362 268 1415; x_wconf 90' lang='lat' dir='ltr'>ille</span> <span class='ocrx_word' id='word_1_118' title='bbox 281 1378 344 1416; x_wconf 88' lang='lat' dir='ltr'>casu</span> <span class='ocrx_word' id='word_1_119' title='bbox 360 1363 514 1416; x_wconf 87' lang='lat' dir='ltr'>ministrum</span> <span class='ocrx_word' id='word_1_120' title='bbox 531 1363 652 1415; x_wconf 88' lang='lat' dir='ltr'>oblatum</span> <span class='ocrx_word' id='word_1_121' title='bbox 669 1362 811 1433; x_wconf 87' lang='lat' dir='ltr'>promissis</span> <span class='ocrx_word' id='word_1_122' title='bbox 822 1365 918 1414; x_wconf 89' lang='lat' dir='ltr'>onerat</span> <span class='ocrx_word' id='word_1_123' title='bbox 930 1361 977 1433; x_wconf 82' lang='lat' dir='ltr'>im-</span> 
     </span>
     <span class='ocr_line' id='line_1_18' title="bbox 129 1437 978 1507; baseline -0.004 -16"><span class='ocrx_word' id='word_1_124' title='bbox 129 1438 268 1506; x_wconf 88' lang='lat' dir='ltr'>pellitque,</span> <span class='ocrx_word' id='word_1_125' title='bbox 285 1438 335 1505; x_wconf 88' lang='lat' dir='ltr'>uti,</span> <span class='ocrx_word' id='word_1_126' title='bbox 355 1441 495 1507; x_wconf 84' lang='lat' dir='ltr'>tamquam</span> <span class='ocrx_word' id='word_1_127' title='bbox 514 1449 589 1491; x_wconf 88' lang='lat' dir='ltr'>suam</span> <span class='ocrx_word' id='word_1_128' title='bbox 607 1438 697 1492; x_wconf 85' lang='lat' dir='ltr'>visens</span> <span class='ocrx_word' id='word_1_129' title='bbox 716 1437 826 1490; x_wconf 92' lang='lat' dir='ltr'>domum</span> <span class='ocrx_word' id='word_1_130' title='bbox 844 1441 897 1502; x_wconf 89' lang='lat' dir='ltr'>eat,</span> <span class='ocrx_word' id='word_1_131' title='bbox 915 1452 978 1505; x_wconf 89' lang='lat' dir='ltr'>por-</span> 
     </span>
     <span class='ocr_line' id='line_1_19' title="bbox 130 1511 979 1583; baseline -0.002 -16"><span class='ocrx_word' id='word_1_132' title='bbox 130 1517 220 1567; x_wconf 89' lang='lat' dir='ltr'>tarum</span> <span class='ocrx_word' id='word_1_133' title='bbox 238 1515 321 1567; x_wconf 83' lang='lat' dir='ltr'>claris</span> <span class='ocrx_word' id='word_1_134' title='bbox 339 1513 508 1567; x_wconf 87' lang='lat' dir='ltr'>adulterinas</span> <span class='ocrx_word' id='word_1_135' title='bbox 528 1517 615 1583; x_wconf 88' lang='lat' dir='ltr'>paret,</span> <span class='ocrx_word' id='word_1_136' title='bbox 634 1530 697 1566; x_wconf 88' lang='lat' dir='ltr'>nam</span> <span class='ocrx_word' id='word_1_137' title='bbox 714 1529 795 1566; x_wconf 86' lang='lat' dir='ltr'>verae</span> <span class='ocrx_word' id='word_1_138' title='bbox 810 1511 847 1566; x_wconf 89' lang='lat' dir='ltr'>ad</span> <span class='ocrx_word' id='word_1_139' title='bbox 867 1512 979 1580; x_wconf 80' lang='lat' dir='ltr'>Hiemp</span> 
     </span>
     <span class='ocr_line' id='line_1_20' title="bbox 130 1589 979 1659; baseline 0 -16"><span class='ocrx_word' id='word_1_140' title='bbox 130 1589 215 1644; x_wconf 90' lang='lat' dir='ltr'>salem</span> <span class='ocrx_word' id='word_1_141' title='bbox 241 1590 437 1658; x_wconf 86' lang='lat' dir='ltr'>referebantur,</span> <span class='ocrx_word' id='word_1_142' title='bbox 464 1593 595 1650; x_wconf 88' lang='lat' dir='ltr'>ceterum,</span> <span class='ocrx_word' id='word_1_143' title='bbox 622 1589 670 1643; x_wconf 92' lang='lat' dir='ltr'>ubi</span> <span class='ocrx_word' id='word_1_144' title='bbox 695 1606 740 1643; x_wconf 86' lang='lat' dir='ltr'>res</span> <span class='ocrx_word' id='word_1_145' title='bbox 764 1589 924 1659; x_wconf 87' lang='lat' dir='ltr'>postularet,</span> <span class='ocrx_word' id='word_1_146' title='bbox 949 1605 979 1643; x_wconf 91' lang='lat' dir='ltr'>se</span> 
     </span>
     <span class='ocr_line' id='line_1_21' title="bbox 131 1664 980 1735; baseline -0.001 -16"><span class='ocrx_word' id='word_1_147' title='bbox 131 1666 219 1735; x_wconf 89' lang='lat' dir='ltr'>ipsum</span> <span class='ocrx_word' id='word_1_148' title='bbox 237 1683 298 1720; x_wconf 89' lang='lat' dir='ltr'>eum</span> <span class='ocrx_word' id='word_1_149' title='bbox 316 1683 414 1735; x_wconf 79' lang='lat' dir='ltr'>magna</span> <span class='ocrx_word' id='word_1_150' title='bbox 431 1683 513 1720; x_wconf 90' lang='lat' dir='ltr'>manu</span> <span class='ocrx_word' id='word_1_151' title='bbox 530 1670 683 1721; x_wconf 80' lang='lat' dir='ltr'>venturum.</span> <span class='ocrx_word' id='word_1_152' title='bbox 716 1665 837 1720; x_wconf 87' lang='lat' dir='ltr'>Numida</span> <span class='ocrx_word' id='word_1_153' title='bbox 851 1664 980 1719; x_wconf 84' lang='lat' dir='ltr'>mandata</span> 
     </span>
     <span class='ocr_line' id='line_1_22' title="bbox 131 1742 980 1811; baseline -0.001 -15"><span class='ocrx_word' id='word_1_154' title='bbox 131 1743 207 1796; x_wconf 86' lang='lat' dir='ltr'>brevi</span> <span class='ocrx_word' id='word_1_155' title='bbox 228 1743 337 1797; x_wconf 85' lang='lat' dir='ltr'>conficit</span> <span class='ocrx_word' id='word_1_156' title='bbox 358 1746 442 1811; x_wconf 89' lang='lat' dir='ltr'>atque</span> <span class='ocrx_word' id='word_1_157' title='bbox 461 1744 503 1796; x_wconf 92' lang='lat' dir='ltr'>uti</span> <span class='ocrx_word' id='word_1_158' title='bbox 523 1743 620 1797; x_wconf 89' lang='lat' dir='ltr'>doctus</span> <span class='ocrx_word' id='word_1_159' title='bbox 641 1746 702 1797; x_wconf 89' lang='lat' dir='ltr'>erat</span> <span class='ocrx_word' id='word_1_160' title='bbox 720 1747 804 1796; x_wconf 81' lang='lat' dir='ltr'>noctu</span> <span class='ocrx_word' id='word_1_161' title='bbox 822 1742 980 1810; x_wconf 80' lang='lat' dir='ltr'>Jugurthae</span> 
     </span>
     <span class='ocr_line' id='line_1_23' title="bbox 131 1818 980 1887; baseline 0 -16"><span class='ocrx_word' id='word_1_162' title='bbox 131 1819 409 1873; x_wconf 69' lang='lat' dir='ltr'>milites-introducit.</span> <span class='ocrx_word' id='word_1_163' title='bbox 454 1819 507 1884; x_wconf 84' lang='lat' dir='ltr'>Qui</span> <span class='ocrx_word' id='word_1_164' title='bbox 532 1823 678 1887; x_wconf 87' lang='lat' dir='ltr'>postquam</span> <span class='ocrx_word' id='word_1_165' title='bbox 700 1819 729 1871; x_wconf 91' lang='lat' dir='ltr'>in</span> <span class='ocrx_word' id='word_1_166' title='bbox 751 1818 827 1872; x_wconf 83' lang='lat' dir='ltr'>aedis</span> <span class='ocrx_word' id='word_1_167' title='bbox 848 1819 980 1887; x_wconf 81' lang='lat' dir='ltr'>irrupere,</span> 
     </span>
     <span class='ocr_line' id='line_1_24' title="bbox 133 1894 981 1965; baseline -0.001 -18"><span class='ocrx_word' id='word_1_168' title='bbox 133 1895 232 1948; x_wconf 87' lang='lat' dir='ltr'>divorsi</span> <span class='ocrx_word' id='word_1_169' title='bbox 251 1913 344 1963; x_wconf 85' lang='lat' dir='ltr'>regem</span> <span class='ocrx_word' id='word_1_170' title='bbox 362 1911 502 1965; x_wconf 87' lang='lat' dir='ltr'>quaerere,</span> <span class='ocrx_word' id='word_1_171' title='bbox 522 1894 683 1948; x_wconf 89' lang='lat' dir='ltr'>dormientis</span> <span class='ocrx_word' id='word_1_172' title='bbox 707 1895 781 1962; x_wconf 86' lang='lat' dir='ltr'>alies,</span> <span class='ocrx_word' id='word_1_173' title='bbox 804 1895 871 1948; x_wconf 90' lang='lat' dir='ltr'>alios</span> <span class='ocrx_word' id='word_1_174' title='bbox 889 1911 981 1947; x_wconf 90' lang='lat' dir='ltr'>occur·</span> 
     </span>
     <span class='ocr_line' id='line_1_25' title="bbox 132 1970 981 2039; baseline -0.001 -15"><span class='ocrx_word' id='word_1_175' title='bbox 132 1973 217 2024; x_wconf 87' lang='lat' dir='ltr'>santis</span> <span class='ocrx_word' id='word_1_176' title='bbox 229 1971 391 2039; x_wconf 87' lang='lat' dir='ltr'>interficere,</span> <span class='ocrx_word' id='word_1_177' title='bbox 403 1970 519 2024; x_wconf 88' lang='lat' dir='ltr'>scrutari</span> <span class='ocrx_word' id='word_1_178' title='bbox 536 1971 595 2024; x_wconf 89' lang='lat' dir='ltr'>loca</span> <span class='ocrx_word' id='word_1_179' title='bbox 606 1971 709 2036; x_wconf 87' lang='lat' dir='ltr'>abdita,</span> <span class='ocrx_word' id='word_1_180' title='bbox 726 1970 818 2024; x_wconf 88' lang='lat' dir='ltr'>clausa</span> <span class='ocrx_word' id='word_1_181' title='bbox 829 1970 981 2038; x_wconf 86' lang='lat' dir='ltr'>effringere,</span> 
     </span>
     <span class='ocr_line' id='line_1_26' title="bbox 132 2045 982 2116; baseline -0.002 -16"><span class='ocrx_word' id='word_1_182' title='bbox 132 2049 250 2116; x_wconf 89' lang='lat' dir='ltr'>strepitu</span> <span class='ocrx_word' id='word_1_183' title='bbox 279 2051 309 2102; x_wconf 89' lang='lat' dir='ltr'>et</span> <span class='ocrx_word' id='word_1_184' title='bbox 338 2049 460 2101; x_wconf 91' lang='lat' dir='ltr'>tumultu</span> <span class='ocrx_word' id='word_1_185' title='bbox 490 2047 581 2100; x_wconf 87' lang='lat' dir='ltr'>omnia</span> <span class='ocrx_word' id='word_1_186' title='bbox 609 2048 726 2100; x_wconf 89' lang='lat' dir='ltr'>miseere</span> <span class='ocrx_word' id='word_1_187' title='bbox 756 2063 841 2115; x_wconf 91' lang='lat' dir='ltr'>quum</span> <span class='ocrx_word' id='word_1_188' title='bbox 869 2045 982 2099; x_wconf 90' lang='lat' dir='ltr'>iuterim</span> 
     </span>
     <span class='ocr_line' id='line_1_27' title="bbox 135 2122 982 2193; baseline -0.001 -17"><span class='ocrx_word' id='word_1_189' title='bbox 135 2124 275 2193; x_wconf 87' lang='lat' dir='ltr'>lliempsal</span> <span class='ocrx_word' id='word_1_190' title='bbox 295 2125 431 2192; x_wconf 89' lang='lat' dir='ltr'>reperitur</span> <span class='ocrx_word' id='word_1_191' title='bbox 443 2122 582 2176; x_wconf 85' lang='lat' dir='ltr'>occultans</span> <span class='ocrx_word' id='word_1_192' title='bbox 595 2139 654 2176; x_wconf 90' lang='lat' dir='ltr'>sese</span> <span class='ocrx_word' id='word_1_193' title='bbox 672 2123 784 2191; x_wconf 83' lang='lat' dir='ltr'>tugurio</span> <span class='ocrx_word' id='word_1_194' title='bbox 802 2123 924 2176; x_wconf 90' lang='lat' dir='ltr'>mulieris</span> <span class='ocrx_word' id='word_1_195' title='bbox 935 2139 982 2175; x_wconf 89' lang='lat' dir='ltr'>an-</span> 
     </span>
     <span class='ocr_line' id='line_1_28' title="bbox 132 2198 982 2269; baseline -0.002 -16"><span class='ocrx_word' id='word_1_196' title='bbox 132 2200 217 2266; x_wconf 86' lang='lat' dir='ltr'>cillae,</span> <span class='ocrx_word' id='word_1_197' title='bbox 239 2216 293 2268; x_wconf 91' lang='lat' dir='ltr'>qno</span> <span class='ocrx_word' id='word_1_198' title='bbox 313 2200 391 2253; x_wconf 89' lang='lat' dir='ltr'>initio</span> <span class='ocrx_word' id='word_1_199' title='bbox 414 2198 531 2269; x_wconf 86' lang='lat' dir='ltr'>pavidus</span> <span class='ocrx_word' id='word_1_200' title='bbox 552 2201 581 2252; x_wconf 92' lang='lat' dir='ltr'>et</span> <span class='ocrx_word' id='word_1_201' title='bbox 604 2199 717 2267; x_wconf 83' lang='lat' dir='ltr'>ignarus</span> <span class='ocrx_word' id='word_1_202' title='bbox 741 2199 793 2252; x_wconf 87' lang='lat' dir='ltr'>loci</span> <span class='ocrx_word' id='word_1_203' title='bbox 815 2199 982 2268; x_wconf 81' lang='lat' dir='ltr'>perhrgerat.</span> 
     </span>
     <span class='ocr_line' id='line_1_29' title="bbox 135 2273 984 2344; baseline 0.001 -18"><span class='ocrx_word' id='word_1_204' title='bbox 135 2274 270 2328; x_wconf 75' lang='lat' dir='ltr'>Numidae</span> <span class='ocrx_word' id='word_1_205' title='bbox 292 2279 373 2343; x_wconf 88' lang='lat' dir='ltr'>caput</span> <span class='ocrx_word' id='word_1_206' title='bbox 399 2275 466 2344; x_wconf 90' lang='lat' dir='ltr'>ejus,</span> <span class='ocrx_word' id='word_1_207' title='bbox 489 2275 531 2327; x_wconf 92' lang='lat' dir='ltr'>uti</span> <span class='ocrx_word' id='word_1_208' title='bbox 550 2273 623 2344; x_wconf 81' lang='lat' dir='ltr'>jussi</span> <span class='ocrx_word' id='word_1_209' title='bbox 645 2278 732 2343; x_wconf 90' lang='lat' dir='ltr'>erant,</span> <span class='ocrx_word' id='word_1_210' title='bbox 756 2275 794 2329; x_wconf 84' lang='lat' dir='ltr'>ad</span> <span class='ocrx_word' id='word_1_211' title='bbox 817 2275 984 2342; x_wconf 83' lang='lat' dir='ltr'>Jugurtham</span> 
     </span>
     <span class='ocr_line' id='line_1_30' title="bbox 133 2352 263 2404; baseline 0.008 -1"><span class='ocrx_word' id='word_1_212' title='bbox 133 2352 263 2404; x_wconf 83' lang='lat' dir='ltr'>referunt.</span> 
     </span>
    </p>

    <p class='ocr_par' dir='ltr' id='par_1_4' title="bbox 124 2426 1017 2877">
     <span class='ocr_line' id='line_1_31' title="bbox 187 2426 985 2497; baseline -0.001 -16"><span class='ocrx_word' id='word_1_213' title='bbox 187 2433 226 2481; x_wconf 83' lang='lat'>13.</span> <span class='ocrx_word' id='word_1_214' title='bbox 263 2427 391 2481; x_wconf 85' lang='lat' dir='ltr'>Ceterum</span> <span class='ocrx_word' id='word_1_215' title='bbox 409 2428 482 2481; x_wconf 85' lang='lat' dir='ltr'>fama</span> <span class='ocrx_word' id='word_1_216' title='bbox 493 2428 565 2482; x_wconf 87' lang='lat' dir='ltr'>tanti</span> <span class='ocrx_word' id='word_1_217' title='bbox 582 2426 709 2481; x_wconf 83' lang='lat' dir='ltr'>facinoris</span> <span class='ocrx_word' id='word_1_218' title='bbox 724 2443 895 2497; x_wconf 88' lang='lat' dir='ltr'>peromnem</span> <span class='ocrx_word' id='word_1_219' title='bbox 910 2426 985 2480; x_wconf 81' lang='lat' dir='ltr'>Ani-</span> 
     </span>
     <span class='ocr_line' id='line_1_32' title="bbox 124 2501 985 2571; baseline -0.001 -16"><span class='ocrx_word' id='word_1_220' title='bbox 124 2516 193 2556; x_wconf 79' lang='lat' dir='ltr'>‘cam</span> <span class='ocrx_word' id='word_1_221' title='bbox 210 2502 286 2556; x_wconf 87' lang='lat' dir='ltr'>brevi</span> <span class='ocrx_word' id='word_1_222' title='bbox 305 2502 477 2571; x_wconf 84' lang='lat' dir='ltr'>divolgatur3</span> <span class='ocrx_word' id='word_1_223' title='bbox 502 2503 689 2566; x_wconf 89' lang='lat' dir='ltr'>Adherbalem</span> <span class='ocrx_word' id='word_1_224' title='bbox 708 2503 851 2571; x_wconf 89' lang='lat' dir='ltr'>omnisque</span> <span class='ocrx_word' id='word_1_225' title='bbox 869 2504 916 2571; x_wconf 91' lang='lat' dir='ltr'>qui</span> <span class='ocrx_word' id='word_1_226' title='bbox 934 2501 985 2555; x_wconf 89' lang='lat' dir='ltr'>sub</span> 
     </span>
     <span class='ocr_line' id='line_1_33' title="bbox 132 2578 986 2648; baseline -0.001 -17"><span class='ocrx_word' id='word_1_227' title='bbox 132 2579 245 2646; x_wconf 89' lang='lat' dir='ltr'>imperio</span> <span class='ocrx_word' id='word_1_228' title='bbox 261 2579 393 2648; x_wconf 79' lang='lat' dir='ltr'>Micipsae</span> <span class='ocrx_word' id='word_1_229' title='bbox 409 2579 518 2634; x_wconf 86' lang='lat' dir='ltr'>fuerant</span> <span class='ocrx_word' id='word_1_230' title='bbox 534 2583 625 2631; x_wconf 87' lang='lat' dir='ltr'>metus</span> <span class='ocrx_word' id='word_1_231' title='bbox 639 2578 759 2645; x_wconf 78' lang='lat' dir='ltr'>invadit3</span> <span class='ocrx_word' id='word_1_232' title='bbox 777 2579 805 2631; x_wconf 91' lang='lat' dir='ltr'>in</span> <span class='ocrx_word' id='word_1_233' title='bbox 818 2580 887 2632; x_wconf 88' lang='lat' dir='ltr'>duas</span> <span class='ocrx_word' id='word_1_234' title='bbox 899 2578 986 2648; x_wconf 89' lang='lat' dir='ltr'>partis</span> 
     </span>
     <span class='ocr_line' id='line_1_34' title="bbox 134 2653 986 2724; baseline 0 -17"><span class='ocrx_word' id='word_1_235' title='bbox 134 2655 278 2708; x_wconf 87' lang='lat' dir='ltr'>discedunt</span> <span class='ocrx_word' id='word_1_236' title='bbox 290 2655 316 2707; x_wconf 94' lang='lat' dir='ltr'>N</span> <span class='ocrx_word' id='word_1_237' title='bbox 317 2654 441 2720; x_wconf 89' lang='lat' dir='ltr'>umidae;</span> <span class='ocrx_word' id='word_1_238' title='bbox 458 2656 550 2724; x_wconf 86' lang='lat' dir='ltr'>pluras</span> <span class='ocrx_word' id='word_1_239' title='bbox 563 2653 750 2707; x_wconf 82' lang='lat' dir='ltr'>Adherbalem</span> <span class='ocrx_word' id='word_1_240' title='bbox 764 2657 923 2723; x_wconf 89' lang='lat' dir='ltr'>sequuntur,</span> <span class='ocrx_word' id='word_1_241' title='bbox 937 2653 986 2707; x_wconf 90' lang='lat' dir='ltr'>sed</span> 
     </span>
     <span class='ocr_line' id='line_1_35' title="bbox 134 2728 986 2798; baseline 0.004 -18"><span class='ocrx_word' id='word_1_242' title='bbox 134 2728 210 2781; x_wconf 90' lang='lat' dir='ltr'>illum</span> <span class='ocrx_word' id='word_1_243' title='bbox 228 2730 345 2783; x_wconf 80' lang='lat' dir='ltr'>alterum</span> <span class='ocrx_word' id='word_1_244' title='bbox 364 2730 436 2784; x_wconf 87' lang='lat' dir='ltr'>bello</span> <span class='ocrx_word' id='word_1_245' title='bbox 459 2731 593 2785; x_wconf 87' lang='lat' dir='ltr'>meliores.</span> <span class='ocrx_word' id='word_1_246' title='bbox 626 2730 728 2797; x_wconf 64' lang='lat' dir='ltr'>olgitur</span> <span class='ocrx_word' id='word_1_247' title='bbox 746 2730 886 2798; x_wconf 80' lang='lat' dir='ltr'>Jugurtha</span> <span class='ocrx_word' id='word_1_248' title='bbox 904 2745 986 2798; x_wconf 90' lang='lat' dir='ltr'>quam</span> 
     </span>
     <span class='ocr_line' id='line_1_36' title="bbox 134 2805 1017 2877; baseline 0.002 -21"><span class='ocrx_word' id='word_1_249' title='bbox 134 2820 274 2859; x_wconf 76' lang='lat' dir='ltr'>maxumas</span> <span class='ocrx_word' id='word_1_250' title='bbox 295 2810 388 2875; x_wconf 89' lang='lat' dir='ltr'>potest</span> <span class='ocrx_word' id='word_1_251' title='bbox 410 2809 501 2877; x_wconf 88' lang='lat' dir='ltr'>copias</span> <span class='ocrx_word' id='word_1_252' title='bbox 523 2810 620 2874; x_wconf 90' lang='lat' dir='ltr'>armat,</span> <span class='ocrx_word' id='word_1_253' title='bbox 643 2805 720 2859; x_wconf 89' lang='lat' dir='ltr'>urbis</span> <span class='ocrx_word' id='word_1_254' title='bbox 744 2808 845 2877; x_wconf 85' lang='lat' dir='ltr'>partim</span> <span class='ocrx_word' id='word_1_255' title='bbox 867 2808 899 2871; x_wconf 83' lang='lat' dir='ltr'>vi,</span> <span class='ocrx_word' id='word_1_256' title='bbox 920 2806 987 2859; x_wconf 85' lang='lat' dir='ltr'>alias</span> <span class='ocrx_word' id='word_1_257' title='bbox 1015 2871 1017 2874; x_wconf 8' lang='lat' dir='ltr'>y</span> 
     </span>
    </p>
   </div>
   <div class='ocr_carea' id='block_1_3' title="bbox 134 2882 990 3252">
    <p class='ocr_par' dir='ltr' id='par_1_5' title="bbox 134 2882 990 3252">
     <span class='ocr_line' id='line_1_37' title="bbox 135 2882 988 2952; baseline 0.005 -19"><span class='ocrx_word' id='word_1_258' title='bbox 135 2882 274 2937; x_wconf 86' lang='lat' dir='ltr'>voluntate</span> <span class='ocrx_word' id='word_1_259' title='bbox 281 2882 395 2951; x_wconf 83' lang='lat' dir='ltr'>imperio</span> <span class='ocrx_word' id='word_1_260' title='bbox 403 2901 452 2937; x_wconf 89' lang='lat' dir='ltr'>suo</span> <span class='ocrx_word' id='word_1_261' title='bbox 464 2884 598 2952; x_wconf 75' lang='lat' dir='ltr'>adjungit,</span> <span class='ocrx_word' id='word_1_262' title='bbox 607 2884 681 2936; x_wconf 91' lang='lat' dir='ltr'>omni</span> <span class='ocrx_word' id='word_1_263' title='bbox 692 2882 838 2937; x_wconf 86' lang='lat' dir='ltr'>Numidiae</span> <span class='ocrx_word' id='word_1_264' title='bbox 851 2884 988 2952; x_wconf 88' lang='lat' dir='ltr'>imperare</span> 
     </span>
     <span class='ocr_line' id='line_1_38' title="bbox 134 2958 987 3027; baseline 0.001 -17"><span class='ocrx_word' id='word_1_265' title='bbox 134 2961 219 3023; x_wconf 89' lang='lat' dir='ltr'>parat.</span> <span class='ocrx_word' id='word_1_266' title='bbox 256 2958 405 3026; x_wconf 85' lang='lat' dir='ltr'>Adherbal,</span> <span class='ocrx_word' id='word_1_267' title='bbox 418 2960 528 3013; x_wconf 88' lang='lat' dir='ltr'>tametsi</span> <span class='ocrx_word' id='word_1_268' title='bbox 548 2962 663 3012; x_wconf 77' lang='lat' dir='ltr'>Romam</span> <span class='ocrx_word' id='word_1_269' title='bbox 679 2960 784 3027; x_wconf 85' lang='lat' dir='ltr'>legatos</span> <span class='ocrx_word' id='word_1_270' title='bbox 801 2960 921 3026; x_wconf 89' lang='lat' dir='ltr'>miserat,</span> <span class='ocrx_word' id='word_1_271' title='bbox 939 2959 987 3027; x_wconf 90' lang='lat' dir='ltr'>qni</span> 
     </span>
     <span class='ocr_line' id='line_1_39' title="bbox 136 3036 987 3102; baseline 0.005 -17"><span class='ocrx_word' id='word_1_272' title='bbox 136 3038 259 3088; x_wconf 86' lang='lat' dir='ltr'>senatum</span> <span class='ocrx_word' id='word_1_273' title='bbox 283 3036 414 3090; x_wconf 85' lang='lat' dir='ltr'>docerent</span> <span class='ocrx_word' id='word_1_274' title='bbox 438 3037 473 3089; x_wconf 89' lang='lat' dir='ltr'>de</span> <span class='ocrx_word' id='word_1_275' title='bbox 500 3036 585 3090; x_wconf 88' lang='lat' dir='ltr'>caede</span> <span class='ocrx_word' id='word_1_276' title='bbox 609 3036 702 3089; x_wconf 86' lang='lat' dir='ltr'>fratris</span> <span class='ocrx_word' id='word_1_277' title='bbox 726 3040 755 3090; x_wconf 94' lang='lat' dir='ltr'>et</span> <span class='ocrx_word' id='word_1_278' title='bbox 778 3038 895 3091; x_wconf 79' lang='lat' dir='ltr'>fortunis</span> <span class='ocrx_word' id='word_1_279' title='bbox 924 3037 987 3102; x_wconf 88' lang='lat' dir='ltr'>suis,</span> 
     </span>
     <span class='ocr_line' id='line_1_40' title="bbox 138 3111 990 3181; baseline 0.006 -21"><span class='ocrx_word' id='word_1_280' title='bbox 138 3113 228 3162; x_wconf 86' lang='lat' dir='ltr'>tamen</span> <span class='ocrx_word' id='word_1_281' title='bbox 248 3111 335 3165; x_wconf 86' lang='lat' dir='ltr'>fretus</span> <span class='ocrx_word' id='word_1_282' title='bbox 357 3111 532 3166; x_wconf 89' lang='lat' dir='ltr'>multitudine</span> <span class='ocrx_word' id='word_1_283' title='bbox 552 3113 668 3165; x_wconf 89' lang='lat' dir='ltr'>militnm</span> <span class='ocrx_word' id='word_1_284' title='bbox 688 3113 804 3181; x_wconf 88' lang='lat' dir='ltr'>parabat</span> <span class='ocrx_word' id='word_1_285' title='bbox 825 3114 908 3167; x_wconf 82' lang='lat' dir='ltr'>aruris</span> <span class='ocrx_word' id='word_1_286' title='bbox 927 3129 990 3166; x_wconf 88' lang='lat' dir='ltr'>con·</span> 
     </span>
     <span class='ocr_line' id='line_1_41' title="bbox 138 3185 989 3252; baseline 0.007 -18"><span class='ocrx_word' id='word_1_287' title='bbox 138 3185 258 3239; x_wconf 87' lang='lat' dir='ltr'>tendere.</span> <span class='ocrx_word' id='word_1_288' title='bbox 301 3186 357 3241; x_wconf 80' lang='lat' dir='ltr'>sed</span> <span class='ocrx_word' id='word_1_289' title='bbox 380 3187 427 3241; x_wconf 91' lang='lat' dir='ltr'>ubi</span> <span class='ocrx_word' id='word_1_290' title='bbox 450 3204 495 3241; x_wconf 83' lang='lat' dir='ltr'>res</span> <span class='ocrx_word' id='word_1_291' title='bbox 519 3187 555 3240; x_wconf 90' lang='lat' dir='ltr'>ad</span> <span class='ocrx_word' id='word_1_292' title='bbox 579 3192 717 3241; x_wconf 86' lang='lat' dir='ltr'>certamen</span> <span class='ocrx_word' id='word_1_293' title='bbox 737 3189 818 3252; x_wconf 88' lang='lat' dir='ltr'>venit,</span> <span class='ocrx_word' id='word_1_294' title='bbox 842 3188 930 3242; x_wconf 74' lang='lat' dir='ltr'>victus</span> <span class='ocrx_word' id='word_1_295' title='bbox 954 3204 989 3241; x_wconf 81' lang='lat' dir='ltr'>ex</span> 
     </span>
    </p>
   </div>
   <div class='ocr_carea' id='block_1_4' title="bbox 0 0 1158 3425">
    <p class='ocr_par' dir='ltr' id='par_1_6' title="bbox 0 0 1158 3425">
     <span class='ocr_line' id='line_1_42' title="bbox 0 0 1158 3425; baseline 0 0"><span class='ocrx_word' id='word_1_296' title='bbox 0 0 1158 3425; x_wconf 95' lang='lat' dir='ltr'> </span> 
     </span>
    </p>
   </div>
  </div>
 </body>
</html>
