2275 3425
132 89 163 137 92
380 87 409 135 C.
426 85 603 135 SALLUSTI
620 84 738 134 GRISPI

130 169 266 236 reputate,
287 182 354 220 num
375 182 468 221 eorum
492 164 692 235 poenitundum
711 164 754 218 sit.
789 164 852 218 Non
869 179 983 234 possum

130 244 196 298 fidei
210 260 306 298 caussa
319 243 459 311 imagines,
477 258 567 312 neque
585 240 739 309 triumphos
758 244 807 295 aut
827 241 984 296 consulatus

129 319 266 388 majorum
288 335 410 373 meorum
430 321 578 387 ostentare,
598 321 635 381 at,
659 317 681 370 si
705 333 750 370 res
773 317 902 385 postulet,
921 317 984 369 has·

131 399 183 459 tas,
201 395 339 462 vexillum,
362 394 497 463 phaleras,
517 394 572 447 alia
590 392 719 446 militaria
737 392 817 457 dona,
839 395 985 461 praeterea

130 471 271 524 cicatrices
289 470 405 523 advorso
423 485 544 538 corpore.
580 468 642 522 Hae
663 471 728 521 sunt
748 484 825 521 meae
844 469 985 536 imagines,

130 546 199 599 haec
219 545 354 612 nobilitas,
373 560 427 598 non
445 545 601 598 hereditate
619 543 723 611 relicta,
741 547 773 598 ut
784 544 831 597 illa
849 544 910 611 illis,
933 543 984 598 sed

132 639 203 689 quae
220 624 329 689 egomet
345 620 479 688 plurumis
497 620 636 673 laboribus
658 623 688 673 et
708 620 833 688 periculis
853 620 984 688 quaesivi.

132 697 157 749 N
159 714 194 750 on
206 700 270 750 sunt
281 697 432 764 composita
442 696 526 749 rerba
538 711 613 761 mea;
631 713 727 764 parum
739 695 770 748 id
781 694 866 760 faoi03
882 695 941 765 ipsa
952 713 984 750 se

132 773 220 826 virtus
237 772 305 826 satis
323 771 460 835 ostendit;
475 771 529 824 illis
549 772 665 825 artificio
684 788 752 840 opus
771 776 821 839 est,
841 776 875 826 ut
892 773 985 842 turpia

132 842 206 902 fac'ta
224 849 346 901 oratione
365 849 468 915 tegant.
503 848 603 916 Neque
618 847 727 901 litteras
746 847 865 902 Graecas
884 848 984 912 didici;
1087 885 1094 895 .

132 941 229 993 parum
250 922 376 992 placebat
395 939 442 976 eas
462 922 576 990 discere,
588 924 690 992 quippe
710 939 781 991 quae
799 924 836 977 ad
852 925 984 978 virtutem

133 1000 290 1054 doctoribus
305 999 371 1053 nihil
389 998 556 1067 prodierunt.
594 1002 640 1052 At'
651 999 698 1052 illa
713 999 801 1053 multo
815 1002 927 1068 optuma
942 1002 984 1054 rei

132 1076 258 1145 publicae
277 1075 374 1129 doetus
391 1091 458 1140 sum,
477 1073 585 1128 hostem
604 1074 694 1141 ferire,
714 1075 851 1142 praesidia
869 1076 984 1144 agitare,

133 1151 200 1205 nihil
217 1155 341 1205 metuere
358 1150 410 1203 nisi
428 1154 537 1218 turpem
555 1150 664 1218 famam,
680 1149 797 1204 hiemem
809 1155 838 1204 et
850 1155 985 1205 aestatem

130 1225 213 1295 juxta
225 1227 290 1295 pati,
299 1226 375 1279 humi
386 1225 567 1294 requiescere,
580 1225 677 1279 eodem
688 1230 814 1294 tempore
826 1227 943 1296 inopiam
954 1232 986 1281 et

134 1302 255 1357 laborem
267 1303 393 1356 tolerare.
429 1302 482 1354 His
496 1318 547 1369 ege
560 1301 715 1369 praeceptis
729 1302 832 1356 milites
846 1302 984 1370 hortabor,

134 1395 224 1446 neque
246 1379 307 1432 illos
325 1381 386 1431 arte
404 1377 498 1443 colam,
518 1393 563 1430 me
582 1377 732 1445 opulenter,
756 1393 847 1447 neque
870 1379 985 1446 gloriam

134 1471 230 1520 meam,
254 1453 376 1507 laborem
405 1453 513 1506 illorum
537 1452 642 1506 faciam.
685 1453 747 1507 Hoc
768 1458 812 1508 est
833 1453 910 1521 utile,
933 1454 986 1510 hoc

134 1531 214 1584 civile
236 1530 388 1599 imperium.
431 1530 558 1596 Namque
579 1545 663 1596 quum
686 1532 748 1583 tute
770 1545 821 1597 per
843 1530 986 1585 mollitiem

135 1623 207 1674 agas,
227 1607 378 1661 exercitum
395 1605 527 1674 supplicio
546 1622 652 1674 cogere,
667 1604 755 1660 idest
770 1605 918 1673 dominum,
930 1624 985 1661 non

135 1683 328 1750 imperatorem
349 1698 417 1737 esse.
461 1682 540 1737 Haec
564 1685 648 1751 atque
662 1681 739 1753 ¹talia
761 1680 880 1751 majores
899 1684 986 1739 vostri

135 1759 262 1812 faciundo
286 1775 369 1828 seque
391 1775 506 1826 remque
527 1753 665 1826 publicam
688 1757 872 1813 celebravere.
918 1760 986 1824 Quis

135 1835 263 1889 nobilitas
276 1835 349 1889 freta
360 1833 420 1903 ipsa
431 1834 570 1887 dissimilis
582 1833 704 1887 moribus
714 1849 764 1886 nos
775 1834 883 1888 illorum
894 1852 986 1890 aemu-

135 1911 176 1965 los
184 1911 341 1976 contemnit,
352 1914 381 1964 et
388 1911 475 1964 omnis
486 1909 603 1963 honores
614 1925 669 1963 non
681 1925 716 1963 ex
727 1909 835 1977 merito,
847 1910 897 1964 sed
909 1913 986 1979 quasi

136 1986 245 2041 debitos
256 1986 358 2040 arobis
370 1987 478 2054 repetit.
515 1985 644 2040 Ceterum
656 1985 779 2039 homines
791 1986 986 2056 superbissumi

135 2064 229 2133 procul
242 2068 341 2118 errant.
379 2063 500 2132 Majores
518 2079 613 2117 eorum
630 2062 719 2116 omnia
735 2080 806 2131 quae
822 2062 923 2130 licebat
933 2065 987 2120 illis

135 2138 278 2207 reliquere,
291 2138 410 2202 divitias,
426 2139 565 2208 imagines,
581 2138 740 2195 memoriam
752 2139 794 2192 sui
805 2140 987 2207 praeclaram

136 2214 267 2267 virtutem
283 2231 337 2267 non
355 2214 500 2283 reliquere,
516 2232 606 2283 neque
622 2218 766 2284 poterant3
784 2216 885 2269 casola
896 2233 987 2285 neque

136 2288 220 2343 datur
237 2289 309 2343 dono
328 2306 418 2357 neque
436 2291 577 2360 accipitur.
614 2291 761 2346 Sordidum
777 2309 822 2346 me
836 2295 865 2346 et
876 2292 987 2347 incultis

136 2364 257 2419 moribus
273 2365 358 2432 aiunt,
375 2365 440 2433 quia
456 2383 552 2435 parum
568 2367 636 2422 scite
651 2368 803 2421 convivium
819 2384 928 2437 exorno,
941 2385 988 2422 ne·

137 2457 191 2511 que
206 2441 366 2495 histrionem
384 2440 471 2494 ullum
485 2459 575 2511 neque
589 2443 674 2511 pluris
688 2443 761 2511 preti
775 2460 892 2511 coquum
904 2461 987 2512 quam

136 2517 257 2572 villicum
275 2516 373 2574 habeo.
415 2518 492 2582 Quae
512 2519 579 2572 milri
601 2519 677 2574 lubet
701 2520 833 2585 confiteri,
858 2520 987 2584 Quirites.

137 2594 164 2649 N
165 2611 209 2648 am
222 2611 257 2648 ex
272 2598 388 2663 parente
402 2610 463 2648 meo
475 2596 550 2648 etex
567 2595 628 2648 aliis
643 2596 744 2649 sanctis
759 2595 825 2649 viris
839 2596 880 2651 ita
895 2597 987 2665 accepi

137 2670 286 2724 munditias
298 2670 464 2738 mulieribus,
477 2671 543 2725 viris
555 2671 676 2725 laborem
688 2672 840 2741 convenire,
853 2672 989 2726 omuibus-
1073 2717 1079 2724 .
1128 2663 1129 2706 ³

137 2762 191 2816 que
207 2745 285 2800 bonis
300 2751 428 2815 oportere
443 2747 505 2815 plus
519 2748 623 2814 gloriae
641 2763 723 2814 quam
738 2747 896 2802 divitiarum
913 2766 988 2814 esse;

138 2838 221 2889 arma,
235 2839 289 2875 non
306 2823 521 2892 suppellectilem
537 2823 629 2877 decori
645 2839 713 2877 esse.
750 2824 821 2889 Quin
836 2840 902 2893 ergo
914 2824 988 2894 quod

133 2895 223 2965 juvat,
231 2897 305 2964 quod
316 2915 408 2952 carum
422 2902 584 2965 aestumant,
592 2899 622 2952 id
634 2916 743 2969 semper
754 2900 870 2966 iaciant3
888 2904 988 2969 ament,

137 2974 250 3039 potent3
266 2972 315 3026 ubi
330 2974 547 3029 adulescentiam
562 2975 692 3044 habuere,
704 2976 744 3030 ibi
756 2980 926 3032 senectutem
942 2995 988 3046 ag-

138 3047 195 3111 ant,
206 3045 235 3098 in
247 3048 382 3117 conviviis,
395 3050 483 3103 dediti
495 3051 586 3105 ventri
601 3055 629 3106 et
645 3052 831 3121 turpissumae
841 3054 915 3122 parti
930 3070 989 3108 cor-

139 3120 213 3189 poris
219 3140 227 3184 ;
244 3122 380 3191 sudorem,
391 3125 532 3193 pulverem
544 3131 574 3179 et
585 3126 638 3180 alia
651 3128 717 3181 talia
732 3127 891 3198 relinquant
902 3129 989 3194 nobis,
