<?xml version="1.0" encoding="UTF-8"?>
<!DOCTYPE html PUBLIC "-//W3C//DTD XHTML 1.0 Transitional//EN"
    "http://www.w3.org/TR/xhtml1/DTD/xhtml1-transitional.dtd">
<html xmlns="http://www.w3.org/1999/xhtml" xml:lang="en" lang="en">
 <head>
  <title>
</title>
<meta http-equiv="Content-Type" content="text/html;charset=utf-8" />
  <meta name='ocr-system' content='tesseract 3.04.00' />
  <meta name='ocr-capabilities' content='ocr_page ocr_carea ocr_par ocr_line ocrx_word'/>
</head>
<body>
  <div class='ocr_page' id='page_1' title='image "./csallusticrispi00longgoog_0100.png"; bbox 0 0 2275 3425; ppageno 0'>
   <div class='ocr_carea' id='block_1_1' title="bbox 113 96 746 152">
    <p class='ocr_par' dir='ltr' id='par_1_1' title="bbox 113 96 746 152">
     <span class='ocr_line' id='line_1_1' title="bbox 113 96 746 152; baseline -0.008 0"><span class='ocrx_word' id='word_1_1' title='bbox 113 116 116 118; x_wconf 80' lang='grc'><em>·</em></span> <span class='ocrx_word' id='word_1_2' title='bbox 145 105 177 152; x_wconf 84' lang='grc'><strong>86</strong></span> <span class='ocrx_word' id='word_1_3' title='bbox 392 101 421 150; x_wconf 84' lang='lat' dir='ltr'><strong>C.</strong></span> <span class='ocrx_word' id='word_1_4' title='bbox 439 96 746 149; x_wconf 74' lang='lat' dir='ltr'><strong>SALLUSTFCRISPI</strong></span> 
     </span>
    </p>
   </div>
   <div class='ocr_carea' id='block_1_2' title="bbox 145 179 1060 3205">
    <p class='ocr_par' dir='ltr' id='par_1_2' title="bbox 145 179 1060 1009">
     <span class='ocr_line' id='line_1_2' title="bbox 145 179 1060 249; baseline -0.001 -13"><span class='ocrx_word' id='word_1_5' title='bbox 145 182 281 237; x_wconf 89' lang='lat' dir='ltr'><strong>homiuem</strong></span> <span class='ocrx_word' id='word_1_6' title='bbox 297 180 424 247; x_wconf 86' lang='lat' dir='ltr'><strong>nobilem,</strong></span> <span class='ocrx_word' id='word_1_7' title='bbox 440 179 590 245; x_wconf 84' lang='lat' dir='ltr'><strong>factiosum,</strong></span> <span class='ocrx_word' id='word_1_8' title='bbox 607 180 683 233; x_wconf 84' lang='lat' dir='ltr'><strong>novis</strong></span> <span class='ocrx_word' id='word_1_9' title='bbox 703 180 787 234; x_wconf 88' lang='lat' dir='ltr'><strong>rebus</strong></span> <span class='ocrx_word' id='word_1_10' title='bbox 807 180 927 249; x_wconf 88' lang='lat' dir='ltr'><strong>studere,</strong></span> <span class='ocrx_word' id='word_1_11' title='bbox 948 180 996 235; x_wconf 91' lang='lat' dir='ltr'><strong>ad·</strong></span> <span class='ocrx_word' id='word_1_12' title='bbox 1055 199 1060 202; x_wconf 64' lang='grc'><strong><em>’</em></strong></span> 
     </span>
     <span class='ocr_line' id='line_1_3' title="bbox 145 255 995 326; baseline -0.001 -14"><span class='ocrx_word' id='word_1_13' title='bbox 145 275 254 313; x_wconf 85' lang='lat' dir='ltr'>vorsum</span> <span class='ocrx_word' id='word_1_14' title='bbox 270 274 352 326; x_wconf 90' lang='lat' dir='ltr'><strong>quem</strong></span> <span class='ocrx_word' id='word_1_15' title='bbox 364 272 453 325; x_wconf 86' lang='lat' dir='ltr'><strong>neque</strong></span> <span class='ocrx_word' id='word_1_16' title='bbox 467 255 583 324; x_wconf 91' lang='lat' dir='ltr'><strong>imperia</strong></span> <span class='ocrx_word' id='word_1_17' title='bbox 594 256 804 323; x_wconf 79' lang='lat' dir='ltr'><strong>magistratuum</strong></span> <span class='ocrx_word' id='word_1_18' title='bbox 815 273 904 324; x_wconf 89' lang='lat' dir='ltr'><strong>neque</strong></span> <span class='ocrx_word' id='word_1_19' title='bbox 919 257 995 325; x_wconf 84' lang='lat' dir='ltr'><strong>leges</strong></span> 
     </span>
     <span class='ocr_line' id='line_1_4' title="bbox 145 331 995 400; baseline -0.002 -12"><span class='ocrx_word' id='word_1_20' title='bbox 145 335 285 399; x_wconf 84' lang='lat' dir='ltr'><strong>valerent3</strong></span> <span class='ocrx_word' id='word_1_21' title='bbox 314 332 342 386; x_wconf 93' lang='lat' dir='ltr'><strong>ni</strong></span> <span class='ocrx_word' id='word_1_22' title='bbox 364 333 394 385; x_wconf 90' lang='lat' dir='ltr'><strong>id</strong></span> <span class='ocrx_word' id='word_1_23' title='bbox 417 332 567 398; x_wconf 79' lang='lat' dir='ltr'>festinaret,</span> <span class='ocrx_word' id='word_1_24' title='bbox 592 331 620 384; x_wconf 88' lang='lat' dir='ltr'><strong>in</strong></span> <span class='ocrx_word' id='word_1_25' title='bbox 646 348 750 385; x_wconf 90' lang='lat' dir='ltr'><strong>summo</strong></span> <span class='ocrx_word' id='word_1_26' title='bbox 773 332 894 400; x_wconf 87' lang='lat' dir='ltr'><strong>periculo</strong></span> <span class='ocrx_word' id='word_1_27' title='bbox 918 349 995 386; x_wconf 91' lang='lat' dir='ltr'><strong>suam</strong></span> 
     </span>
     <span class='ocr_line' id='line_1_5' title="bbox 146 407 996 477; baseline 0.001 -15"><span class='ocrx_word' id='word_1_28' title='bbox 146 411 270 477; x_wconf 88' lang='lat' dir='ltr'><strong>salutem,</strong></span> <span class='ocrx_word' id='word_1_29' title='bbox 287 409 395 463; x_wconf 89' lang='lat' dir='ltr'><strong>illorum</strong></span> <span class='ocrx_word' id='word_1_30' title='bbox 413 410 499 461; x_wconf 89' lang='lat' dir='ltr'><strong>socios</strong></span> <span class='ocrx_word' id='word_1_31' title='bbox 515 408 580 461; x_wconf 84' lang='lat' dir='ltr'><strong>iore.</strong></span> <span class='ocrx_word' id='word_1_32' title='bbox 617 407 689 460; x_wconf 89' lang='lat' dir='ltr'><strong>Nam</strong></span> <span class='ocrx_word' id='word_1_33' title='bbox 703 408 842 477; x_wconf 74' lang='lat' dir='ltr'>Leptitani</span> <span class='ocrx_word' id='word_1_34' title='bbox 856 407 915 476; x_wconf 91' lang='lat' dir='ltr'><strong>jam</strong></span> <span class='ocrx_word' id='word_1_35' title='bbox 931 408 996 464; x_wconf 88' lang='lat' dir='ltr'><strong>inde</strong></span> 
     </span>
     <span class='ocr_line' id='line_1_6' title="bbox 145 483 996 555; baseline 0.001 -16"><span class='ocrx_word' id='word_1_36' title='bbox 145 504 162 539; x_wconf 86' lang='lat' dir='ltr'><strong>a</strong></span> <span class='ocrx_word' id='word_1_37' title='bbox 181 484 314 555; x_wconf 90' lang='lat' dir='ltr'><strong>principio</strong></span> <span class='ocrx_word' id='word_1_38' title='bbox 336 483 401 537; x_wconf 92' lang='lat' dir='ltr'><strong>belli</strong></span> <span class='ocrx_word' id='word_1_39' title='bbox 422 483 584 551; x_wconf 84' lang='lat' dir='ltr'><strong>Jngurthini</strong></span> <span class='ocrx_word' id='word_1_40' title='bbox 604 483 641 536; x_wconf 88' lang='lat' dir='ltr'><strong>ad</strong></span> <span class='ocrx_word' id='word_1_41' title='bbox 665 484 787 537; x_wconf 75' lang='lat' dir='ltr'><strong>Bestiam</strong></span> <span class='ocrx_word' id='word_1_42' title='bbox 808 485 945 538; x_wconf 88' lang='lat' dir='ltr'><strong>consulem</strong></span> <span class='ocrx_word' id='word_1_43' title='bbox 966 489 996 540; x_wconf 90' lang='lat' dir='ltr'><strong>et</strong></span> 
     </span>
     <span class='ocr_line' id='line_1_7' title="bbox 145 558 996 630; baseline -0.001 -15"><span class='ocrx_word' id='word_1_44' title='bbox 145 564 242 629; x_wconf 87' lang='lat' dir='ltr'><strong>postea</strong></span> <span class='ocrx_word' id='word_1_45' title='bbox 254 560 369 613; x_wconf 83' lang='lat' dir='ltr'>Romam</span> <span class='ocrx_word' id='word_1_46' title='bbox 385 560 515 612; x_wconf 78' lang='lat' dir='ltr'><strong>miserant</strong></span> <span class='ocrx_word' id='word_1_47' title='bbox 530 558 677 613; x_wconf 73' lang='lat' dir='ltr'><strong>amicitiam</strong></span> <span class='ocrx_word' id='word_1_48' title='bbox 691 560 904 630; x_wconf 75' lang='lat' dir='ltr'><strong>societatemque</strong></span> <span class='ocrx_word' id='word_1_49' title='bbox 917 578 996 629; x_wconf 86' lang='lat' dir='ltr'><strong>roga·</strong></span> 
     </span>
     <span class='ocr_line' id='line_1_8' title="bbox 145 634 996 705; baseline 0.001 -15"><span class='ocrx_word' id='word_1_50' title='bbox 145 641 213 690; x_wconf 85' lang='lat' dir='ltr'><strong>tum.</strong></span> <span class='ocrx_word' id='word_1_51' title='bbox 249 635 365 701; x_wconf 84' lang='lat' dir='ltr'><strong>Deinde,</strong></span> <span class='ocrx_word' id='word_1_52' title='bbox 376 634 424 688; x_wconf 91' lang='lat' dir='ltr'><strong>ubi</strong></span> <span class='ocrx_word' id='word_1_53' title='bbox 435 651 468 687; x_wconf 88' lang='lat' dir='ltr'><strong>ea</strong></span> <span class='ocrx_word' id='word_1_54' title='bbox 479 635 635 703; x_wconf 82' lang='lat' dir='ltr'><strong>impetrata,</strong></span> <span class='ocrx_word' id='word_1_55' title='bbox 648 652 756 704; x_wconf 82' lang='lat' dir='ltr'><strong>semper</strong></span> <span class='ocrx_word' id='word_1_56' title='bbox 767 636 831 689; x_wconf 90' lang='lat' dir='ltr'><strong>boni</strong></span> <span class='ocrx_word' id='word_1_57' title='bbox 844 636 996 705; x_wconf 87' lang='lat' dir='ltr'><strong>fidelesque</strong></span> 
     </span>
     <span class='ocr_line' id='line_1_9' title="bbox 146 710 996 781; baseline 0.001 -16"><span class='ocrx_word' id='word_1_58' title='bbox 146 727 270 765; x_wconf 85' lang='lat' dir='ltr'><strong>mansero</strong></span> <span class='ocrx_word' id='word_1_59' title='bbox 282 714 312 765; x_wconf 92' lang='lat' dir='ltr'><strong>et</strong></span> <span class='ocrx_word' id='word_1_60' title='bbox 323 714 421 765; x_wconf 89' lang='lat' dir='ltr'><strong>cuneta</strong></span> <span class='ocrx_word' id='word_1_61' title='bbox 432 727 449 764; x_wconf 91' lang='lat' dir='ltr'><strong>a</strong></span> <span class='ocrx_word' id='word_1_62' title='bbox 461 710 556 764; x_wconf 84' lang='lat' dir='ltr'><strong>Bestia</strong></span> <span class='ocrx_word' id='word_1_63' title='bbox 567 711 669 765; x_wconf 82' lang='lat' dir='ltr'><strong>Albino</strong></span> <span class='ocrx_word' id='word_1_64' title='bbox 681 711 849 780; x_wconf 85' lang='lat' dir='ltr'><strong>Metelloque</strong></span> <span class='ocrx_word' id='word_1_65' title='bbox 861 712 996 781; x_wconf 85' lang='lat' dir='ltr'><strong>imperata</strong></span> 
     </span>
     <span class='ocr_line' id='line_1_10' title="bbox 145 787 996 857; baseline 0.002 -17"><span class='ocrx_word' id='word_1_66' title='bbox 145 805 214 840; x_wconf 83' lang='lat' dir='ltr'><strong>nave</strong></span> <span class='ocrx_word' id='word_1_67' title='bbox 227 789 355 842; x_wconf 87' lang='lat' dir='ltr'><strong>fecerant.</strong></span> <span class='ocrx_word' id='word_1_68' title='bbox 393 788 492 855; x_wconf 89' lang='lat' dir='ltr'><strong>Itaque</strong></span> <span class='ocrx_word' id='word_1_69' title='bbox 508 787 544 840; x_wconf 90' lang='lat' dir='ltr'><strong>ab</strong></span> <span class='ocrx_word' id='word_1_70' title='bbox 559 787 724 855; x_wconf 82' lang='lat' dir='ltr'><strong>imperatore</strong></span> <span class='ocrx_word' id='word_1_71' title='bbox 739 788 819 841; x_wconf 85' lang='lat' dir='ltr'><strong>facile</strong></span> <span class='ocrx_word' id='word_1_72' title='bbox 834 805 905 856; x_wconf 91' lang='lat' dir='ltr'><strong>quae</strong></span> <span class='ocrx_word' id='word_1_73' title='bbox 920 793 996 857; x_wconf 79' lang='lat' dir='ltr'><strong>pete</strong></span> 
     </span>
     <span class='ocr_line' id='line_1_11' title="bbox 145 863 996 936; baseline 0.004 -20"><span class='ocrx_word' id='word_1_74' title='bbox 145 864 213 916; x_wconf 86' lang='lat' dir='ltr'><strong>bant</strong></span> <span class='ocrx_word' id='word_1_75' title='bbox 225 863 327 932; x_wconf 88' lang='lat' dir='ltr'><strong>adepti.</strong></span> <span class='ocrx_word' id='word_1_76' title='bbox 364 864 465 917; x_wconf 85' lang='lat' dir='ltr'><strong>Missae</strong></span> <span class='ocrx_word' id='word_1_77' title='bbox 481 880 514 917; x_wconf 91' lang='lat' dir='ltr'><strong>eo</strong></span> <span class='ocrx_word' id='word_1_78' title='bbox 529 863 656 917; x_wconf 85' lang='lat' dir='ltr'><strong>cohortes</strong></span> <span class='ocrx_word' id='word_1_79' title='bbox 672 863 804 936; x_wconf 69' lang='lat' dir='ltr'><strong>Ligurum</strong></span> <span class='ocrx_word' id='word_1_80' title='bbox 821 867 953 934; x_wconf 87' lang='lat' dir='ltr'><strong>quattuor</strong></span> <span class='ocrx_word' id='word_1_81' title='bbox 966 868 996 920; x_wconf 90' lang='lat' dir='ltr'><strong>et</strong></span> 
     </span>
     <span class='ocr_line' id='line_1_12' title="bbox 147 939 470 1009; baseline 0.003 -18"><span class='ocrx_word' id='word_1_82' title='bbox 147 940 175 992; x_wconf 83' lang='lat' dir='ltr'><strong>(l.</strong></span> <span class='ocrx_word' id='word_1_83' title='bbox 193 940 297 992; x_wconf 86' lang='lat' dir='ltr'><strong>Annius</strong></span> <span class='ocrx_word' id='word_1_84' title='bbox 308 939 470 1009; x_wconf 62' lang='lat' dir='ltr'><strong>praefectus·</strong></span> 
     </span>
    </p>

    <p class='ocr_par' dir='ltr' id='par_1_3' title="bbox 146 1014 999 2130">
     <span class='ocr_line' id='line_1_13' title="bbox 200 1014 997 1084; baseline -0.003 -12"><span class='ocrx_word' id='word_1_85' title='bbox 200 1020 239 1073; x_wconf 78' lang='lat'><strong>78.</strong></span> <span class='ocrx_word' id='word_1_86' title='bbox 276 1015 312 1068; x_wconf 90' lang='lat' dir='ltr'><strong>Id</strong></span> <span class='ocrx_word' id='word_1_87' title='bbox 326 1015 456 1083; x_wconf 90' lang='lat' dir='ltr'><strong>oppidum</strong></span> <span class='ocrx_word' id='word_1_88' title='bbox 471 1014 507 1068; x_wconf 88' lang='lat' dir='ltr'><strong>ab</strong></span> <span class='ocrx_word' id='word_1_89' title='bbox 523 1014 642 1068; x_wconf 78' lang='lat' dir='ltr'><strong>Sidoniis</strong></span> <span class='ocrx_word' id='word_1_90' title='bbox 655 1014 795 1068; x_wconf 90' lang='lat' dir='ltr'><strong>eonditum</strong></span> <span class='ocrx_word' id='word_1_91' title='bbox 808 1019 858 1083; x_wconf 91' lang='lat' dir='ltr'><strong>est,</strong></span> <span class='ocrx_word' id='word_1_92' title='bbox 870 1032 939 1084; x_wconf 90' lang='lat' dir='ltr'><strong>qnos</strong></span> <span class='ocrx_word' id='word_1_93' title='bbox 952 1033 997 1070; x_wconf 86' lang='lat' dir='ltr'><strong>ao-</strong></span> 
     </span>
     <span class='ocr_line' id='line_1_14' title="bbox 146 1090 996 1161; baseline 0.002 -16"><span class='ocrx_word' id='word_1_94' title='bbox 146 1092 268 1161; x_wconf 90' lang='lat' dir='ltr'><strong>eepimus</strong></span> <span class='ocrx_word' id='word_1_95' title='bbox 288 1091 417 1160; x_wconf 86' lang='lat' dir='ltr'><strong>profugos</strong></span> <span class='ocrx_word' id='word_1_96' title='bbox 436 1091 471 1144; x_wconf 91' lang='lat' dir='ltr'><strong>ob</strong></span> <span class='ocrx_word' id='word_1_97' title='bbox 492 1090 641 1144; x_wconf 86' lang='lat' dir='ltr'><strong>discordias</strong></span> <span class='ocrx_word' id='word_1_98' title='bbox 660 1091 747 1145; x_wconf 86' lang='lat' dir='ltr'><strong>civilis</strong></span> <span class='ocrx_word' id='word_1_99' title='bbox 767 1092 881 1145; x_wconf 85' lang='lat' dir='ltr'><strong>navibus</strong></span> <span class='ocrx_word' id='word_1_100' title='bbox 901 1093 929 1146; x_wconf 91' lang='lat' dir='ltr'><strong>in</strong></span> <span class='ocrx_word' id='word_1_101' title='bbox 949 1109 996 1147; x_wconf 88' lang='lat' dir='ltr'><strong>eoa</strong></span> 
     </span>
     <span class='ocr_line' id='line_1_15' title="bbox 146 1166 997 1236; baseline 0.001 -15"><span class='ocrx_word' id='word_1_102' title='bbox 146 1168 218 1222; x_wconf 87' lang='lat' dir='ltr'><strong>locos</strong></span> <span class='ocrx_word' id='word_1_103' title='bbox 234 1168 358 1233; x_wconf 88' lang='lat' dir='ltr'><strong>venisse;</strong></span> <span class='ocrx_word' id='word_1_104' title='bbox 377 1171 498 1220; x_wconf 89' lang='lat' dir='ltr'><strong>ceterum</strong></span> <span class='ocrx_word' id='word_1_105' title='bbox 515 1166 598 1220; x_wconf 87' lang='lat' dir='ltr'><strong>situm</strong></span> <span class='ocrx_word' id='word_1_106' title='bbox 615 1167 689 1221; x_wconf 88' lang='lat' dir='ltr'><strong>inter</strong></span> <span class='ocrx_word' id='word_1_107' title='bbox 705 1166 774 1220; x_wconf 87' lang='lat' dir='ltr'><strong>duas</strong></span> <span class='ocrx_word' id='word_1_108' title='bbox 791 1168 885 1236; x_wconf 83' lang='lat' dir='ltr'><strong>Syrtis,</strong></span> <span class='ocrx_word' id='word_1_109' title='bbox 897 1168 997 1236; x_wconf 88' lang='lat' dir='ltr'><strong>quibus</strong></span> 
     </span>
     <span class='ocr_line' id='line_1_16' title="bbox 146 1241 997 1313; baseline 0.001 -17"><span class='ocrx_word' id='word_1_110' title='bbox 146 1260 245 1297; x_wconf 88' lang='lat' dir='ltr'><strong>nomen</strong></span> <span class='ocrx_word' id='word_1_111' title='bbox 264 1261 299 1297; x_wconf 84' lang='lat' dir='ltr'><strong>ex</strong></span> <span class='ocrx_word' id='word_1_112' title='bbox 317 1259 347 1296; x_wconf 88' lang='lat' dir='ltr'><strong>re</strong></span> <span class='ocrx_word' id='word_1_113' title='bbox 365 1242 489 1296; x_wconf 88' lang='lat' dir='ltr'><strong>inditum.</strong></span> <span class='ocrx_word' id='word_1_114' title='bbox 526 1242 598 1295; x_wconf 91' lang='lat' dir='ltr'><strong>Nam</strong></span> <span class='ocrx_word' id='word_1_115' title='bbox 617 1241 672 1295; x_wconf 91' lang='lat' dir='ltr'><strong>duo</strong></span> <span class='ocrx_word' id='word_1_116' title='bbox 692 1245 755 1296; x_wconf 91' lang='lat' dir='ltr'><strong>sunt</strong></span> <span class='ocrx_word' id='word_1_117' title='bbox 774 1242 847 1295; x_wconf 88' lang='lat' dir='ltr'><strong>sinus</strong></span> <span class='ocrx_word' id='word_1_118' title='bbox 866 1260 951 1313; x_wconf 88' lang='lat' dir='ltr'><strong>prope</strong></span> <span class='ocrx_word' id='word_1_119' title='bbox 967 1244 997 1297; x_wconf 90' lang='lat' dir='ltr'><strong>in</strong></span> 
     </span>
     <span class='ocr_line' id='line_1_17' title="bbox 147 1317 997 1387; baseline 0.001 -15"><span class='ocrx_word' id='word_1_120' title='bbox 147 1324 271 1372; x_wconf 83' lang='lat' dir='ltr'><strong>extrema</strong></span> <span class='ocrx_word' id='word_1_121' title='bbox 280 1318 382 1385; x_wconf 87' lang='lat' dir='ltr'><strong>Africa,</strong></span> <span class='ocrx_word' id='word_1_122' title='bbox 394 1317 512 1387; x_wconf 89' lang='lat' dir='ltr'><strong>impares</strong></span> <span class='ocrx_word' id='word_1_123' title='bbox 524 1317 720 1385; x_wconf 87' lang='lat' dir='ltr'><strong>magnitudino,</strong></span> <span class='ocrx_word' id='word_1_124' title='bbox 732 1319 792 1386; x_wconf 89' lang='lat' dir='ltr'><strong>pari</strong></span> <span class='ocrx_word' id='word_1_125' title='bbox 803 1322 915 1385; x_wconf 82' lang='lat' dir='ltr'><strong>natura3</strong></span> <span class='ocrx_word' id='word_1_126' title='bbox 931 1336 997 1387; x_wconf 80' lang='lat' dir='ltr'><strong>quo</strong></span> 
     </span>
     <span class='ocr_line' id='line_1_18' title="bbox 146 1393 997 1464; baseline 0.002 -17"><span class='ocrx_word' id='word_1_127' title='bbox 146 1411 208 1449; x_wconf 85' lang='lat' dir='ltr'><strong>rum</strong></span> <span class='ocrx_word' id='word_1_128' title='bbox 219 1411 353 1463; x_wconf 86' lang='lat' dir='ltr'><strong>proxuma</strong></span> <span class='ocrx_word' id='word_1_129' title='bbox 364 1397 455 1448; x_wconf 84' lang='lat' dir='ltr'><strong>terrae</strong></span> <span class='ocrx_word' id='word_1_130' title='bbox 468 1393 594 1462; x_wconf 88' lang='lat' dir='ltr'><strong>praealta</strong></span> <span class='ocrx_word' id='word_1_131' title='bbox 607 1396 678 1460; x_wconf 91' lang='lat' dir='ltr'><strong>sunt,</strong></span> <span class='ocrx_word' id='word_1_132' title='bbox 691 1396 789 1460; x_wconf 86' lang='lat' dir='ltr'><strong>cetera,</strong></span> <span class='ocrx_word' id='word_1_133' title='bbox 802 1394 843 1446; x_wconf 89' lang='lat' dir='ltr'><strong>uti</strong></span> <span class='ocrx_word' id='word_1_134' title='bbox 857 1395 913 1448; x_wconf 88' lang='lat' dir='ltr'><strong>fors</strong></span> <span class='ocrx_word' id='word_1_135' title='bbox 925 1395 997 1464; x_wconf 86' lang='lat' dir='ltr'><strong>tulit,</strong></span> 
     </span>
     <span class='ocr_line' id='line_1_19' title="bbox 147 1468 998 1540; baseline 0.002 -18"><span class='ocrx_word' id='word_1_136' title='bbox 147 1471 210 1536; x_wconf 89' lang='lat' dir='ltr'><strong>alta,</strong></span> <span class='ocrx_word' id='word_1_137' title='bbox 230 1470 283 1523; x_wconf 83' lang='lat' dir='ltr'><strong>alia</strong></span> <span class='ocrx_word' id='word_1_138' title='bbox 300 1470 329 1523; x_wconf 93' lang='lat' dir='ltr'><strong>in</strong></span> <span class='ocrx_word' id='word_1_139' title='bbox 347 1472 514 1538; x_wconf 87' lang='lat' dir='ltr'><strong>tempestate</strong></span> <span class='ocrx_word' id='word_1_140' title='bbox 531 1469 639 1522; x_wconf 88' lang='lat' dir='ltr'><strong>vadosa.</strong></span> <span class='ocrx_word' id='word_1_141' title='bbox 674 1468 747 1522; x_wconf 88' lang='lat' dir='ltr'><strong>Nam</strong></span> <span class='ocrx_word' id='word_1_142' title='bbox 763 1468 812 1522; x_wconf 85' lang='lat' dir='ltr'><strong>ubi</strong></span> <span class='ocrx_word' id='word_1_143' title='bbox 829 1487 905 1524; x_wconf 88' lang='lat' dir='ltr'><strong>mare</strong></span> <span class='ocrx_word' id='word_1_144' title='bbox 922 1488 998 1540; x_wconf 88' lang='lat' dir='ltr'><strong>mag-</strong></span> 
     </span>
     <span class='ocr_line' id='line_1_20' title="bbox 146 1544 998 1614; baseline 0.006 -16"><span class='ocrx_word' id='word_1_145' title='bbox 146 1562 212 1598; x_wconf 91' lang='lat' dir='ltr'><strong>num</strong></span> <span class='ocrx_word' id='word_1_146' title='bbox 227 1563 287 1601; x_wconf 90' lang='lat' dir='ltr'><strong>esse</strong></span> <span class='ocrx_word' id='word_1_147' title='bbox 302 1549 332 1601; x_wconf 91' lang='lat' dir='ltr'><strong>et</strong></span> <span class='ocrx_word' id='word_1_148' title='bbox 348 1546 452 1600; x_wconf 81' lang='lat' dir='ltr'><strong>saevire</strong></span> <span class='ocrx_word' id='word_1_149' title='bbox 467 1545 557 1599; x_wconf 84' lang='lat' dir='ltr'><strong>ventis</strong></span> <span class='ocrx_word' id='word_1_150' title='bbox 573 1546 672 1614; x_wconf 86' lang='lat' dir='ltr'><strong>eoepit,</strong></span> <span class='ocrx_word' id='word_1_151' title='bbox 684 1544 779 1598; x_wconf 90' lang='lat' dir='ltr'><strong>limum</strong></span> <span class='ocrx_word' id='word_1_152' title='bbox 791 1561 956 1614; x_wconf 85' lang='lat' dir='ltr'><strong>arenamque</strong></span> <span class='ocrx_word' id='word_1_153' title='bbox 968 1551 998 1603; x_wconf 90' lang='lat' dir='ltr'><strong>et</strong></span> 
     </span>
     <span class='ocr_line' id='line_1_21' title="bbox 146 1620 997 1689; baseline 0.001 -14"><span class='ocrx_word' id='word_1_154' title='bbox 146 1638 213 1675; x_wconf 85' lang='lat' dir='ltr'><strong>saxa</strong></span> <span class='ocrx_word' id='word_1_155' title='bbox 231 1621 353 1689; x_wconf 88' lang='lat' dir='ltr'><strong>ingentia</strong></span> <span class='ocrx_word' id='word_1_156' title='bbox 371 1621 469 1674; x_wconf 86' lang='lat' dir='ltr'><strong>fluctus</strong></span> <span class='ocrx_word' id='word_1_157' title='bbox 488 1620 616 1685; x_wconf 89' lang='lat' dir='ltr'><strong>trahunt;</strong></span> <span class='ocrx_word' id='word_1_158' title='bbox 635 1622 676 1674; x_wconf 92' lang='lat' dir='ltr'><strong>ita</strong></span> <span class='ocrx_word' id='word_1_159' title='bbox 694 1621 778 1674; x_wconf 83' lang='lat' dir='ltr'><strong>facies</strong></span> <span class='ocrx_word' id='word_1_160' title='bbox 797 1621 917 1675; x_wconf 90' lang='lat' dir='ltr'><strong>locorum</strong></span> <span class='ocrx_word' id='word_1_161' title='bbox 935 1639 997 1676; x_wconf 92' lang='lat' dir='ltr'><strong>cum</strong></span> 
     </span>
     <span class='ocr_line' id='line_1_22' title="bbox 147 1695 998 1767; baseline 0.004 -16"><span class='ocrx_word' id='word_1_162' title='bbox 147 1698 236 1752; x_wconf 87' lang='lat' dir='ltr'><strong>ventis</strong></span> <span class='ocrx_word' id='word_1_163' title='bbox 247 1697 327 1751; x_wconf 91' lang='lat' dir='ltr'><strong>simul</strong></span> <span class='ocrx_word' id='word_1_164' title='bbox 339 1700 468 1751; x_wconf 89' lang='lat' dir='ltr'><strong>mutatur.</strong></span> <span class='ocrx_word' id='word_1_165' title='bbox 491 1696 586 1765; x_wconf 81' lang='lat' dir='ltr'><strong>Syrtes</strong></span> <span class='ocrx_word' id='word_1_166' title='bbox 598 1695 632 1750; x_wconf 87' lang='lat' dir='ltr'><strong>ab</strong></span> <span class='ocrx_word' id='word_1_167' title='bbox 644 1700 736 1752; x_wconf 90' lang='lat' dir='ltr'><strong>tractu</strong></span> <span class='ocrx_word' id='word_1_168' title='bbox 747 1697 908 1753; x_wconf 84' lang='lat' dir='ltr'><strong>nominatae.</strong></span> <span class='ocrx_word' id='word_1_169' title='bbox 930 1697 998 1767; x_wconf 83' lang='lat' dir='ltr'><strong>Ejus</strong></span> 
     </span>
     <span class='ocr_line' id='line_1_23' title="bbox 148 1772 996 1845; baseline 0.002 -18"><span class='ocrx_word' id='word_1_170' title='bbox 148 1774 266 1830; x_wconf 82' lang='lat' dir='ltr'><strong>civitatis</strong></span> <span class='ocrx_word' id='word_1_171' title='bbox 286 1774 379 1842; x_wconf 90' lang='lat' dir='ltr'><strong>lingua</strong></span> <span class='ocrx_word' id='word_1_172' title='bbox 398 1773 479 1826; x_wconf 94' lang='lat' dir='ltr'><strong>modo</strong></span> <span class='ocrx_word' id='word_1_173' title='bbox 500 1789 631 1827; x_wconf 86' lang='lat' dir='ltr'><strong>convorsa</strong></span> <span class='ocrx_word' id='word_1_174' title='bbox 650 1772 784 1827; x_wconf 85' lang='lat' dir='ltr'><strong>connubio</strong></span> <span class='ocrx_word' id='word_1_175' title='bbox 805 1774 832 1827; x_wconf 88' lang='lat' dir='ltr'>N</span> <span class='ocrx_word' id='word_1_176' title='bbox 834 1775 996 1845; x_wconf 87' lang='lat' dir='ltr'><strong>umidarum,</strong></span> 
     </span>
     <span class='ocr_line' id='line_1_24' title="bbox 147 1848 999 1918; baseline 0.002 -15"><span class='ocrx_word' id='word_1_177' title='bbox 147 1851 239 1918; x_wconf 88' lang='lat' dir='ltr'><strong>legum</strong></span> <span class='ocrx_word' id='word_1_178' title='bbox 254 1849 398 1917; x_wconf 87' lang='lat' dir='ltr'><strong>cultusque</strong></span> <span class='ocrx_word' id='word_1_179' title='bbox 412 1849 544 1918; x_wconf 88' lang='lat' dir='ltr'><strong>pleraque</strong></span> <span class='ocrx_word' id='word_1_180' title='bbox 556 1848 690 1915; x_wconf 81' lang='lat' dir='ltr'><strong>Sidonica,</strong></span> <span class='ocrx_word' id='word_1_181' title='bbox 703 1865 773 1918; x_wconf 89' lang='lat' dir='ltr'><strong>quae</strong></span> <span class='ocrx_word' id='word_1_182' title='bbox 787 1865 821 1903; x_wconf 88' lang='lat' dir='ltr'><strong>eo</strong></span> <span class='ocrx_word' id='word_1_183' title='bbox 836 1850 941 1904; x_wconf 85' lang='lat' dir='ltr'><strong>facilins</strong></span> <span class='ocrx_word' id='word_1_184' title='bbox 956 1868 999 1905; x_wconf 88' lang='lat' dir='ltr'><strong>re-</strong></span> 
     </span>
     <span class='ocr_line' id='line_1_25' title="bbox 147 1924 997 1994; baseline 0.002 -15"><span class='ocrx_word' id='word_1_185' title='bbox 147 1925 280 1994; x_wconf 89' lang='lat' dir='ltr'><strong>tinebant,</strong></span> <span class='ocrx_word' id='word_1_186' title='bbox 290 1925 364 1994; x_wconf 89' lang='lat' dir='ltr'><strong>quod</strong></span> <span class='ocrx_word' id='word_1_187' title='bbox 375 1925 470 1993; x_wconf 88' lang='lat' dir='ltr'><strong>procul</strong></span> <span class='ocrx_word' id='word_1_188' title='bbox 482 1924 517 1978; x_wconf 88' lang='lat' dir='ltr'><strong>ab</strong></span> <span class='ocrx_word' id='word_1_189' title='bbox 529 1925 644 1993; x_wconf 89' lang='lat' dir='ltr'><strong>imperio</strong></span> <span class='ocrx_word' id='word_1_190' title='bbox 655 1927 729 1993; x_wconf 87' lang='lat' dir='ltr'><strong>regis</strong></span> <span class='ocrx_word' id='word_1_191' title='bbox 741 1928 860 1979; x_wconf 90' lang='lat' dir='ltr'><strong>aetatem</strong></span> <span class='ocrx_word' id='word_1_192' title='bbox 872 1927 997 1994; x_wconf 84' lang='lat' dir='ltr'><strong>agebant</strong></span> 
     </span>
     <span class='ocr_line' id='line_1_26' title="bbox 150 2000 998 2070; baseline 0.004 -16"><span class='ocrx_word' id='word_1_193' title='bbox 150 2001 228 2054; x_wconf 84' lang='lat' dir='ltr'><strong>Inter</strong></span> <span class='ocrx_word' id='word_1_194' title='bbox 242 2001 303 2055; x_wconf 92' lang='lat' dir='ltr'><strong>illos</strong></span> <span class='ocrx_word' id='word_1_195' title='bbox 314 2004 344 2055; x_wconf 92' lang='lat' dir='ltr'><strong>et</strong></span> <span class='ocrx_word' id='word_1_196' title='bbox 357 2001 530 2069; x_wconf 83' lang='lat' dir='ltr'><strong>frequentem</strong></span> <span class='ocrx_word' id='word_1_197' title='bbox 542 2000 702 2054; x_wconf 86' lang='lat' dir='ltr'><strong>Numidiam</strong></span> <span class='ocrx_word' id='word_1_198' title='bbox 716 2000 796 2055; x_wconf 92' lang='lat' dir='ltr'><strong>multi</strong></span> <span class='ocrx_word' id='word_1_199' title='bbox 808 2002 933 2070; x_wconf 88' lang='lat' dir='ltr'><strong>vastique</strong></span> <span class='ocrx_word' id='word_1_200' title='bbox 945 2002 998 2057; x_wconf 88' lang='lat' dir='ltr'><strong>loei</strong></span> 
     </span>
     <span class='ocr_line' id='line_1_27' title="bbox 147 2079 233 2130; baseline 0 0"><span class='ocrx_word' id='word_1_201' title='bbox 147 2079 233 2130; x_wconf 87' lang='lat' dir='ltr'><strong>erant.</strong></span> 
     </span>
    </p>

    <p class='ocr_par' dir='ltr' id='par_1_4' title="bbox 147 2150 1004 3205">
     <span class='ocr_line' id='line_1_28' title="bbox 200 2150 998 2222; baseline 0 -14"><span class='ocrx_word' id='word_1_202' title='bbox 200 2155 241 2209; x_wconf 84' lang='lat'><strong>79.</strong></span> <span class='ocrx_word' id='word_1_203' title='bbox 276 2150 333 2205; x_wconf 80' lang='lat' dir='ltr'><strong>Sed</strong></span> <span class='ocrx_word' id='word_1_204' title='bbox 344 2151 470 2219; x_wconf 90' lang='lat' dir='ltr'><strong>quoniam</strong></span> <span class='ocrx_word' id='word_1_205' title='bbox 485 2151 513 2204; x_wconf 91' lang='lat' dir='ltr'><strong>in</strong></span> <span class='ocrx_word' id='word_1_206' title='bbox 528 2151 578 2205; x_wconf 84' lang='lat' dir='ltr'><strong>has</strong></span> <span class='ocrx_word' id='word_1_207' title='bbox 589 2152 715 2220; x_wconf 84' lang='lat' dir='ltr'><strong>regiones</strong></span> <span class='ocrx_word' id='word_1_208' title='bbox 727 2168 777 2221; x_wconf 89' lang='lat' dir='ltr'><strong>per</strong></span> <span class='ocrx_word' id='word_1_209' title='bbox 789 2153 998 2222; x_wconf 82' lang='lat' dir='ltr'><strong>Leptitanorum</strong></span> 
     </span>
     <span class='ocr_line' id='line_1_29' title="bbox 147 2226 999 2297; baseline 0 -15"><span class='ocrx_word' id='word_1_210' title='bbox 147 2226 258 2294; x_wconf 90' lang='lat' dir='ltr'><strong>negotia</strong></span> <span class='ocrx_word' id='word_1_211' title='bbox 269 2226 401 2292; x_wconf 88' lang='lat' dir='ltr'><strong>venimus,</strong></span> <span class='ocrx_word' id='word_1_212' title='bbox 413 2242 467 2279; x_wconf 92' lang='lat' dir='ltr'><strong>non</strong></span> <span class='ocrx_word' id='word_1_213' title='bbox 480 2226 624 2294; x_wconf 83' lang='lat' dir='ltr'><strong>indignum</strong></span> <span class='ocrx_word' id='word_1_214' title='bbox 636 2226 745 2281; x_wconf 89' lang='lat' dir='ltr'><strong>videtur</strong></span> <span class='ocrx_word' id='word_1_215' title='bbox 757 2228 897 2296; x_wconf 87' lang='lat' dir='ltr'><strong>egregium</strong></span> <span class='ocrx_word' id='word_1_216' title='bbox 914 2233 999 2297; x_wconf 90' lang='lat' dir='ltr'><strong>atque</strong></span> 
     </span>
     <span class='ocr_line' id='line_1_30' title="bbox 147 2301 999 2371; baseline 0.001 -14"><span class='ocrx_word' id='word_1_217' title='bbox 147 2301 271 2357; x_wconf 89' lang='lat' dir='ltr'><strong>mirabile</strong></span> <span class='ocrx_word' id='word_1_218' title='bbox 290 2301 395 2355; x_wconf 82' lang='lat' dir='ltr'><strong>facinus</strong></span> <span class='ocrx_word' id='word_1_219' title='bbox 413 2301 529 2355; x_wconf 87' lang='lat' dir='ltr'><strong>duorum</strong></span> <span class='ocrx_word' id='word_1_220' title='bbox 550 2303 813 2371; x_wconf 81' lang='lat' dir='ltr'><strong>Carthaginiensium</strong></span> <span class='ocrx_word' id='word_1_221' title='bbox 832 2322 999 2371; x_wconf 88' lang='lat' dir='ltr'><strong>memorare;</strong></span> 
     </span>
     <span class='ocr_line' id='line_1_31' title="bbox 148 2378 1000 2449; baseline 0.006 -19"><span class='ocrx_word' id='word_1_222' title='bbox 148 2394 208 2430; x_wconf 86' lang='lat' dir='ltr'><strong>eam</strong></span> <span class='ocrx_word' id='word_1_223' title='bbox 224 2394 283 2431; x_wconf 92' lang='lat' dir='ltr'><strong>rem</strong></span> <span class='ocrx_word' id='word_1_224' title='bbox 299 2394 348 2430; x_wconf 91' lang='lat' dir='ltr'><strong>nos</strong></span> <span class='ocrx_word' id='word_1_225' title='bbox 364 2378 439 2430; x_wconf 87' lang='lat' dir='ltr'><strong>locus</strong></span> <span class='ocrx_word' id='word_1_226' title='bbox 450 2378 599 2432; x_wconf 88' lang='lat' dir='ltr'><strong>admonuit.</strong></span> <span class='ocrx_word' id='word_1_227' title='bbox 637 2380 697 2443; x_wconf 78' lang='lat' dir='ltr'><strong>Qua</strong></span> <span class='ocrx_word' id='word_1_228' title='bbox 709 2383 875 2449; x_wconf 84' lang='lat' dir='ltr'><strong>tempestate</strong></span> <span class='ocrx_word' id='word_1_229' title='bbox 887 2381 1000 2435; x_wconf 74' lang='lat' dir='ltr'><strong>(tartha-</strong></span> 
     </span>
     <span class='ocr_line' id='line_1_32' title="bbox 147 2452 1001 2525; baseline 0.007 -20"><span class='ocrx_word' id='word_1_230' title='bbox 147 2452 284 2520; x_wconf 87' lang='lat' dir='ltr'><strong>ginienses</strong></span> <span class='ocrx_word' id='word_1_231' title='bbox 294 2452 426 2521; x_wconf 87' lang='lat' dir='ltr'><strong>pleraque</strong></span> <span class='ocrx_word' id='word_1_232' title='bbox 437 2454 532 2506; x_wconf 86' lang='lat' dir='ltr'><strong>Africa</strong></span> <span class='ocrx_word' id='word_1_233' title='bbox 543 2454 747 2524; x_wconf 86' lang='lat' dir='ltr'><strong>imperitabant,</strong></span> <span class='ocrx_word' id='word_1_234' title='bbox 755 2456 924 2525; x_wconf 75' lang='lat' dir='ltr'><strong>Cyrenenses</strong></span> <span class='ocrx_word' id='word_1_235' title='bbox 936 2474 1001 2525; x_wconf 82' lang='lat' dir='ltr'><strong>quo</strong></span> 
     </span>
     <span class='ocr_line' id='line_1_33' title="bbox 147 2528 1000 2598; baseline 0.007 -18"><span class='ocrx_word' id='word_1_236' title='bbox 147 2545 201 2597; x_wconf 88' lang='lat' dir='ltr'><strong>que</strong></span> <span class='ocrx_word' id='word_1_237' title='bbox 218 2529 310 2596; x_wconf 91' lang='lat' dir='ltr'><strong>magni</strong></span> <span class='ocrx_word' id='word_1_238' title='bbox 328 2533 411 2596; x_wconf 87' lang='lat' dir='ltr'><strong>atque</strong></span> <span class='ocrx_word' id='word_1_239' title='bbox 428 2528 549 2597; x_wconf 91' lang='lat' dir='ltr'><strong>opulenti</strong></span> <span class='ocrx_word' id='word_1_240' title='bbox 567 2530 652 2584; x_wconf 88' lang='lat' dir='ltr'><strong>fuere.</strong></span> <span class='ocrx_word' id='word_1_241' title='bbox 689 2533 767 2598; x_wconf 88' lang='lat' dir='ltr'><strong>Ager</strong></span> <span class='ocrx_word' id='word_1_242' title='bbox 784 2532 813 2584; x_wconf 90' lang='lat' dir='ltr'><strong>in</strong></span> <span class='ocrx_word' id='word_1_243' title='bbox 831 2532 923 2585; x_wconf 89' lang='lat' dir='ltr'><strong>medio</strong></span> <span class='ocrx_word' id='word_1_244' title='bbox 940 2549 1000 2587; x_wconf 89' lang='lat' dir='ltr'><strong>are-</strong></span> 
     </span>
     <span class='ocr_line' id='line_1_34' title="bbox 147 2604 1001 2676; baseline 0.007 -20"><span class='ocrx_word' id='word_1_245' title='bbox 147 2620 238 2671; x_wconf 87' lang='lat' dir='ltr'><strong>nosus,</strong></span> <span class='ocrx_word' id='word_1_246' title='bbox 251 2621 306 2657; x_wconf 91' lang='lat' dir='ltr'><strong>una</strong></span> <span class='ocrx_word' id='word_1_247' title='bbox 320 2604 425 2673; x_wconf 87' lang='lat' dir='ltr'><strong>speeie;</strong></span> <span class='ocrx_word' id='word_1_248' title='bbox 443 2621 533 2674; x_wconf 92' lang='lat' dir='ltr'><strong>neque</strong></span> <span class='ocrx_word' id='word_1_249' title='bbox 546 2604 655 2673; x_wconf 88' lang='lat' dir='ltr'><strong>flumen,</strong></span> <span class='ocrx_word' id='word_1_250' title='bbox 671 2622 762 2674; x_wconf 90' lang='lat' dir='ltr'><strong>neque</strong></span> <span class='ocrx_word' id='word_1_251' title='bbox 777 2623 855 2660; x_wconf 89' lang='lat' dir='ltr'><strong>mons</strong></span> <span class='ocrx_word' id='word_1_252' title='bbox 871 2611 939 2674; x_wconf 88' lang='lat' dir='ltr'><strong>erat,</strong></span> <span class='ocrx_word' id='word_1_253' title='bbox 953 2607 1001 2676; x_wconf 87' lang='lat' dir='ltr'><strong>qui</strong></span> 
     </span>
     <span class='ocr_line' id='line_1_35' title="bbox 147 2680 1002 2750; baseline 0.004 -18"><span class='ocrx_word' id='word_1_254' title='bbox 147 2680 210 2733; x_wconf 88' lang='lat' dir='ltr'><strong>finis</strong></span> <span class='ocrx_word' id='word_1_255' title='bbox 224 2696 317 2734; x_wconf 89' lang='lat' dir='ltr'><strong>eorum</strong></span> <span class='ocrx_word' id='word_1_256' title='bbox 334 2680 516 2745; x_wconf 54' lang='lat' dir='ltr'><strong>discernerem</strong></span> <span class='ocrx_word' id='word_1_257' title='bbox 534 2696 605 2748; x_wconf 86' lang='lat' dir='ltr'><strong>quae</strong></span> <span class='ocrx_word' id='word_1_258' title='bbox 621 2698 666 2735; x_wconf 87' lang='lat' dir='ltr'><strong>res</strong></span> <span class='ocrx_word' id='word_1_259' title='bbox 680 2698 727 2735; x_wconf 88' lang='lat' dir='ltr'><strong>eos</strong></span> <span class='ocrx_word' id='word_1_260' title='bbox 741 2681 770 2735; x_wconf 88' lang='lat' dir='ltr'><strong>in</strong></span> <span class='ocrx_word' id='word_1_261' title='bbox 785 2698 884 2750; x_wconf 85' lang='lat' dir='ltr'><strong>magno</strong></span> <span class='ocrx_word' id='word_1_262' title='bbox 896 2683 1002 2736; x_wconf 89' lang='lat' dir='ltr'><strong>diutur-</strong></span> 
     </span>
     <span class='ocr_line' id='line_1_36' title="bbox 147 2756 1001 2827; baseline 0.005 -19"><span class='ocrx_word' id='word_1_263' title='bbox 147 2772 238 2824; x_wconf 88' lang='lat' dir='ltr'><strong>noque</strong></span> <span class='ocrx_word' id='word_1_264' title='bbox 256 2757 328 2811; x_wconf 91' lang='lat' dir='ltr'><strong>bello</strong></span> <span class='ocrx_word' id='word_1_265' title='bbox 348 2757 422 2811; x_wconf 88' lang='lat' dir='ltr'><strong>inter</strong></span> <span class='ocrx_word' id='word_1_266' title='bbox 440 2774 469 2811; x_wconf 90' lang='lat' dir='ltr'><strong>se</strong></span> <span class='ocrx_word' id='word_1_267' title='bbox 490 2756 595 2811; x_wconf 89' lang='lat' dir='ltr'><strong>habuit.</strong></span> <span class='ocrx_word' id='word_1_268' title='bbox 632 2757 781 2826; x_wconf 88' lang='lat' dir='ltr'><strong>Postquam</strong></span> <span class='ocrx_word' id='word_1_269' title='bbox 803 2760 942 2827; x_wconf 91' lang='lat' dir='ltr'><strong>utrimque</strong></span> <span class='ocrx_word' id='word_1_270' title='bbox 963 2759 1001 2813; x_wconf 79' lang='lat' dir='ltr'><strong>le</strong></span> 
     </span>
     <span class='ocr_line' id='line_1_37' title="bbox 147 2831 1002 2903; baseline 0.007 -20"><span class='ocrx_word' id='word_1_271' title='bbox 147 2831 249 2899; x_wconf 87' lang='lat' dir='ltr'><strong>giones,</strong></span> <span class='ocrx_word' id='word_1_272' title='bbox 268 2833 336 2886; x_wconf 90' lang='lat' dir='ltr'><strong>item</strong></span> <span class='ocrx_word' id='word_1_273' title='bbox 357 2833 457 2887; x_wconf 84' lang='lat' dir='ltr'><strong>classes</strong></span> <span class='ocrx_word' id='word_1_274' title='bbox 478 2849 559 2900; x_wconf 87' lang='lat' dir='ltr'><strong>saepe</strong></span> <span class='ocrx_word' id='word_1_275' title='bbox 579 2833 656 2887; x_wconf 82' lang='lat' dir='ltr'><strong>fusae</strong></span> <span class='ocrx_word' id='word_1_276' title='bbox 676 2833 849 2903; x_wconf 84' lang='lat' dir='ltr'><strong>fugataeque,</strong></span> <span class='ocrx_word' id='word_1_277' title='bbox 871 2837 901 2889; x_wconf 90' lang='lat' dir='ltr'><strong>et</strong></span> <span class='ocrx_word' id='word_1_278' title='bbox 921 2834 1002 2889; x_wconf 88' lang='lat' dir='ltr'><strong>alteri</strong></span> 
     </span>
     <span class='ocr_line' id='line_1_38' title="bbox 147 2906 1004 2977; baseline 0.008 -18"><span class='ocrx_word' id='word_1_279' title='bbox 147 2906 250 2959; x_wconf 85' lang='lat' dir='ltr'><strong>alteros</strong></span> <span class='ocrx_word' id='word_1_280' title='bbox 264 2908 434 2977; x_wconf 90' lang='lat' dir='ltr'><strong>aliquantum</strong></span> <span class='ocrx_word' id='word_1_281' title='bbox 450 2909 621 2975; x_wconf 86' lang='lat' dir='ltr'><strong>attriverant,</strong></span> <span class='ocrx_word' id='word_1_282' title='bbox 634 2908 714 2962; x_wconf 85' lang='lat' dir='ltr'><strong>veriti</strong></span> <span class='ocrx_word' id='word_1_283' title='bbox 729 2926 764 2964; x_wconf 90' lang='lat' dir='ltr'><strong>ne</strong></span> <span class='ocrx_word' id='word_1_284' title='bbox 775 2926 839 2964; x_wconf 82' lang='lat' dir='ltr'><strong>mox</strong></span> <span class='ocrx_word' id='word_1_285' title='bbox 851 2912 939 2965; x_wconf 86' lang='lat' dir='ltr'><strong>victos</strong></span> <span class='ocrx_word' id='word_1_286' title='bbox 950 2911 1004 2968; x_wconf 84' lang='lat' dir='ltr'><strong>vie·</strong></span> 
     </span>
     <span class='ocr_line' id='line_1_39' title="bbox 147 2983 1003 3054; baseline 0.008 -20"><span class='ocrx_word' id='word_1_287' title='bbox 147 2984 277 3051; x_wconf 88' lang='lat' dir='ltr'><strong>to&#39;resque</strong></span> <span class='ocrx_word' id='word_1_288' title='bbox 288 2983 410 3038; x_wconf 84' lang='lat' dir='ltr'><strong>defessos</strong></span> <span class='ocrx_word' id='word_1_289' title='bbox 422 2984 492 3037; x_wconf 85' lang='lat' dir='ltr'><strong>alins</strong></span> <span class='ocrx_word' id='word_1_290' title='bbox 504 2985 710 3051; x_wconf 87' lang='lat' dir='ltr'><strong>aggrederetur,</strong></span> <span class='ocrx_word' id='word_1_291' title='bbox 723 3002 774 3053; x_wconf 88' lang='lat' dir='ltr'><strong>per</strong></span> <span class='ocrx_word' id='word_1_292' title='bbox 787 2986 910 3041; x_wconf 87' lang='lat' dir='ltr'><strong>inducias</strong></span> <span class='ocrx_word' id='word_1_293' title='bbox 922 3003 1003 3054; x_wconf 89' lang='lat' dir='ltr'><strong>spon·</strong></span> 
     </span>
     <span class='ocr_line' id='line_1_40' title="bbox 148 3055 1003 3131; baseline 0.011 -24"><span class='ocrx_word' id='word_1_294' title='bbox 148 3055 252 3110; x_wconf 88' lang='lat' dir='ltr'><strong>sionem</strong></span> <span class='ocrx_word' id='word_1_295' title='bbox 266 3058 370 3113; x_wconf 83' lang='lat' dir='ltr'><strong>faciunt</strong></span> <span class='ocrx_word' id='word_1_296' title='bbox 386 3060 428 3113; x_wconf 89' lang='lat' dir='ltr'><strong>uti</strong></span> <span class='ocrx_word' id='word_1_297' title='bbox 445 3064 522 3112; x_wconf 87' lang='lat' dir='ltr'><strong>certo</strong></span> <span class='ocrx_word' id='word_1_298' title='bbox 540 3061 587 3113; x_wconf 83' lang='lat' dir='ltr'><strong>die</strong></span> <span class='ocrx_word' id='word_1_299' title='bbox 603 3060 686 3128; x_wconf 87' lang='lat' dir='ltr'><strong>legati</strong></span> <span class='ocrx_word' id='word_1_300' title='bbox 702 3061 784 3115; x_wconf 90' lang='lat' dir='ltr'><strong>domo</strong></span> <span class='ocrx_word' id='word_1_301' title='bbox 800 3064 1003 3131; x_wconf 88' lang='lat' dir='ltr'><strong>proficisceren-</strong></span> 
     </span>
     <span class='ocr_line' id='line_1_41' title="bbox 149 3131 1004 3205; baseline 0.014 -24"><span class='ocrx_word' id='word_1_302' title='bbox 149 3131 213 3193; x_wconf 89' lang='lat' dir='ltr'><strong>tur;</strong></span> <span class='ocrx_word' id='word_1_303' title='bbox 235 3148 291 3197; x_wconf 90' lang='lat' dir='ltr'><strong>quo</strong></span> <span class='ocrx_word' id='word_1_304' title='bbox 308 3134 337 3186; x_wconf 91' lang='lat' dir='ltr'><strong>in</strong></span> <span class='ocrx_word' id='word_1_305' title='bbox 355 3134 415 3188; x_wconf 91' lang='lat' dir='ltr'><strong>loeo</strong></span> <span class='ocrx_word' id='word_1_306' title='bbox 432 3135 505 3187; x_wconf 88' lang='lat' dir='ltr'><strong>inter</strong></span> <span class='ocrx_word' id='word_1_307' title='bbox 524 3150 554 3187; x_wconf 92' lang='lat' dir='ltr'><strong>se</strong></span> <span class='ocrx_word' id='word_1_308' title='bbox 575 3134 648 3188; x_wconf 84' lang='lat' dir='ltr'><strong>obvii</strong></span> <span class='ocrx_word' id='word_1_309' title='bbox 667 3135 790 3205; x_wconf 85' lang='lat' dir='ltr'><strong>tuissent,</strong></span> <span class='ocrx_word' id='word_1_310' title='bbox 809 3138 833 3191; x_wconf 90' lang='lat' dir='ltr'><strong>is</strong></span> <span class='ocrx_word' id='word_1_311' title='bbox 853 3139 1004 3193; x_wconf 85' lang='lat' dir='ltr'><strong>eonnnunia</strong></span> 
     </span>
    </p>
   </div>
   <div class='ocr_carea' id='block_1_3' title="bbox 0 0 1148 3425">
    <p class='ocr_par' dir='ltr' id='par_1_5' title="bbox 0 0 1148 3425">
     <span class='ocr_line' id='line_1_42' title="bbox 0 0 1148 3425; baseline 0 0"><span class='ocrx_word' id='word_1_312' title='bbox 0 0 1148 3425; x_wconf 95' lang='lat' dir='ltr'><strong> </strong></span> 
     </span>
    </p>
   </div>
  </div>
 </body>
</html>
